market,event_type,timestamp,signature,slot,sequence_number,event_index,maker,taker,price,side,quantity
5iLqmcg8vifdnnw6wEpVtQxFE4Few5uiceDWzi3jvzH8,Place,1671436483,3RKz3wrWsnXkYVdAgMEHwDfmEAbkBNrtyCBJaAdRkobHgh9Ht1osAwRa6ej84srvt7qJ6sRXCxC8cKY9JdfKZma3,183119531,1141330,0,mkrc4jMLEPRoKLUnNL7Ctnwb7uJykbwiYvFjB4sw9Z9,,12.125,Bid,164.948
5iLqmcg8vifdnnw6wEpVtQxFE4Few5uiceDWzi3jvzH8,Place,1671436483,3RKz3wrWsnXkYVdAgMEHwDfmEAbkBNrtyCBJaAdRkobHgh9Ht1osAwRa6ej84srvt7qJ6sRXCxC8cKY9JdfKZma3,183119531,1141331,0,mkrc4jMLEPRoKLUnNL7Ctnwb7uJykbwiYvFjB4sw9Z9,,12.44,Ask,401.929
5iLqmcg8vifdnnw6wEpVtQxFE4Few5uiceDWzi3jvzH8,Place,1671436483,3RKz3wrWsnXkYVdAgMEHwDfmEAbkBNrtyCBJaAdRkobHgh9Ht1osAwRa6ej84srvt7qJ6sRXCxC8cKY9JdfKZma3,183119531,1141332,0,mkrc4jMLEPRoKLUnNL7Ctnwb7uJykbwiYvFjB4sw9Z9,,11.94,Bid,418.76
5iLqmcg8vifdnnw6wEpVtQxFE4Few5uiceDWzi3jvzH8,Reduce,1671436482,3onfu5Aa2HFtqi1ypUNGSpXZM2wdatjxfQrJtptRgTACt6TJkujWRVbjMNbXTVqpvfhfcQtEWcPHL7Hnm385Nhq,183119528,1141318,0,mkrc4jMLEPRoKLUnNL7Ctnwb7uJykbwiYvFjB4sw9Z9,,12.195,Bid,4.74
5iLqmcg8vifdnnw6wEpVtQxFE4Few5uiceDWzi3jvzH8,Reduce,1671436482,3onfu5Aa2HFtqi1ypUNGSpXZM2wdatjxfQrJtptRgTACt6TJkujWRVbjMNbXTVqpvfhfcQtEWcPHL7Hnm385Nhq,183119528,1141318,1,mkrc4jMLEPRoKLUnNL7Ctnwb7uJykbwiYvFjB4sw9Z9,,12.205,Ask,5.735
5iLqmcg8vifdnnw6wEpVtQxFE4Few5uiceDWzi3jvzH8,Reduce,1671436482,3onfu5Aa2HFtqi1ypUNGSpXZM2wdatjxfQrJtptRgTACt6TJkujWRVbjMNbXTVqpvfhfcQtEWcPHL7Hnm385Nhq,183119528,1141318,2,mkrc4jMLEPRoKLUnNL7Ctnwb7uJykbwiYvFjB4sw9Z9,,12.19,Bid,14.766
5iLqmcg8vifdnnw6wEpVtQxFE4Few5uiceDWzi3jvzH8,Reduce,1671436482,3onfu5Aa2HFtqi1ypUNGSpXZM2wdatjxfQrJtptRgTACt6TJkujWRVbjMNbXTVqpvfhfcQtEWcPHL7Hnm385Nhq,183119528,1141318,3,mkrc4jMLEPRoKLUnNL7Ctnwb7uJykbwiYvFjB4sw9Z9,,12.21,Ask,14.742
5iLqmcg8vifdnnw6wEpVtQxFE4Few5uiceDWzi3jvzH8,Reduce,1671436482,3onfu5Aa2HFtqi1ypUNGSpXZM2wdatjxfQrJtptRgTACt6TJkujWRVbjMNbXTVqpvfhfcQtEWcPHL7Hnm385Nhq,183119528,1141318,4,mkrc4jMLEPRoKLUnNL7Ctnwb7uJykbwiYvFjB4sw9Z9,,12.18,Bid,29.556
5iLqmcg8vifdnnw6wEpVtQxFE4Few5uiceDWzi3jvzH8,Reduce,1671436482,3onfu5Aa2HFtqi1ypUNGSpXZM2wdatjxfQrJtptRgTACt6TJkujWRVbjMNbXTVqpvfhfcQtEWcPHL7Hnm385Nhq,183119528,1141318,5,mkrc4jMLEPRoKLUnNL7Ctnwb7uJykbwiYvFjB4sw9Z9,,12.22,Ask,29.459
5iLqmcg8vifdnnw6wEpVtQxFE4Few5uiceDWzi3jvzH8,Reduce,1671436482,3onfu5Aa2HFtqi1ypUNGSpXZM2wdatjxfQrJtptRgTACt6TJkujWRVbjMNbXTVqpvfhfcQtEWcPHL7Hnm385Nhq,183119528,1141318,6,mkrc4jMLEPRoKLUnNL7Ctnwb7uJykbwiYvFjB4sw9Z9,,12.17,Bid,65.735
5iLqmcg8vifdnnw6wEpVtQxFE4Few5uiceDWzi3jvzH8,Reduce,1671436482,3onfu5Aa2HFtqi1ypUNGSpXZM2wdatjxfQrJtptRgTACt6TJkujWRVbjMNbXTVqpvfhfcQtEWcPHL7Hnm385Nhq,183119528,1141318,7,mkrc4jMLEPRoKLUnNL7Ctnwb7uJykbwiYvFjB4sw9Z9,,12.23,Ask,65.412
5iLqmcg8vifdnnw6wEpVtQxFE4Few5uiceDWzi3jvzH8,Reduce,1671436482,3onfu5Aa2HFtqi1ypUNGSpXZM2wdatjxfQrJtptRgTACt6TJkujWRVbjMNbXTVqpvfhfcQtEWcPHL7Hnm385Nhq,183119528,1141318,8,mkrc4jMLEPRoKLUnNL7Ctnwb7uJykbwiYvFjB4sw9Z9,,12.155,Bid,108.597
5iLqmcg8vifdnnw6wEpVtQxFE4Few5uiceDWzi3jvzH8,Reduce,1671436482,3onfu5Aa2HFtqi1ypUNGSpXZM2wdatjxfQrJtptRgTACt6TJkujWRVbjMNbXTVqpvfhfcQtEWcPHL7Hnm385Nhq,183119528,1141318,9,mkrc4jMLEPRoKLUnNL7Ctnwb7uJykbwiYvFjB4sw9Z9,,12.245,Ask,107.799
5iLqmcg8vifdnnw6wEpVtQxFE4Few5uiceDWzi3jvzH8,Reduce,1671436482,3onfu5Aa2HFtqi1ypUNGSpXZM2wdatjxfQrJtptRgTACt6TJkujWRVbjMNbXTVqpvfhfcQtEWcPHL7Hnm385Nhq,183119528,1141318,10,mkrc4jMLEPRoKLUnNL7Ctnwb7uJykbwiYvFjB4sw9Z9,,12.135,Bid,164.812
5iLqmcg8vifdnnw6wEpVtQxFE4Few5uiceDWzi3jvzH8,Reduce,1671436482,3onfu5Aa2HFtqi1ypUNGSpXZM2wdatjxfQrJtptRgTACt6TJkujWRVbjMNbXTVqpvfhfcQtEWcPHL7Hnm385Nhq,183119528,1141318,11,mkrc4jMLEPRoKLUnNL7Ctnwb7uJykbwiYvFjB4sw9Z9,,12.265,Ask,163.065
5iLqmcg8vifdnnw6wEpVtQxFE4Few5uiceDWzi3jvzH8,Reduce,1671436482,3onfu5Aa2HFtqi1ypUNGSpXZM2wdatjxfQrJtptRgTACt6TJkujWRVbjMNbXTVqpvfhfcQtEWcPHL7Hnm385Nhq,183119528,1141318,12,mkrc4jMLEPRoKLUnNL7Ctnwb7uJykbwiYvFjB4sw9Z9,,11.95,Bid,418.41
5iLqmcg8vifdnnw6wEpVtQxFE4Few5uiceDWzi3jvzH8,Reduce,1671436482,3onfu5Aa2HFtqi1ypUNGSpXZM2wdatjxfQrJtptRgTACt6TJkujWRVbjMNbXTVqpvfhfcQtEWcPHL7Hnm385Nhq,183119528,1141318,13,mkrc4jMLEPRoKLUnNL7Ctnwb7uJykbwiYvFjB4sw9Z9,,12.45,Ask,401.606
5iLqmcg8vifdnnw6wEpVtQxFE4Few5uiceDWzi3jvzH8,Place,1671436482,3onfu5Aa2HFtqi1ypUNGSpXZM2wdatjxfQrJtptRgTACt6TJkujWRVbjMNbXTVqpvfhfcQtEWcPHL7Hnm385Nhq,183119528,1141319,0,mkrc4jMLEPRoKLUnNL7Ctnwb7uJykbwiYvFjB4sw9Z9,,12.195,Ask,5.74
5iLqmcg8vifdnnw6wEpVtQxFE4Few5uiceDWzi3jvzH8,Place,1671436482,3onfu5Aa2HFtqi1ypUNGSpXZM2wdatjxfQrJtptRgTACt6TJkujWRVbjMNbXTVqpvfhfcQtEWcPHL7Hnm385Nhq,183119528,1141320,0,mkrc4jMLEPRoKLUnNL7Ctnwb7uJykbwiYvFjB4sw9Z9,,12.185,Bid,5.744
5iLqmcg8vifdnnw6wEpVtQxFE4Few5uiceDWzi3jvzH8,Place,1671436482,3onfu5Aa2HFtqi1ypUNGSpXZM2wdatjxfQrJtptRgTACt6TJkujWRVbjMNbXTVqpvfhfcQtEWcPHL7Hnm385Nhq,183119528,1141321,0,mkrc4jMLEPRoKLUnNL7Ctnwb7uJykbwiYvFjB4sw9Z9,,12.2,Ask,14.754
5iLqmcg8vifdnnw6wEpVtQxFE4Few5uiceDWzi3jvzH8,Place,1671436482,3onfu5Aa2HFtqi1ypUNGSpXZM2wdatjxfQrJtptRgTACt6TJkujWRVbjMNbXTVqpvfhfcQtEWcPHL7Hnm385Nhq,183119528,1141322,0,mkrc4jMLEPRoKLUnNL7Ctnwb7uJykbwiYvFjB4sw9Z9,,12.18,Bid,14.778
5iLqmcg8vifdnnw6wEpVtQxFE4Few5uiceDWzi3jvzH8,Place,1671436482,3onfu5Aa2HFtqi1ypUNGSpXZM2wdatjxfQrJtptRgTACt6TJkujWRVbjMNbXTVqpvfhfcQtEWcPHL7Hnm385Nhq,183119528,1141323,0,mkrc4jMLEPRoKLUnNL7Ctnwb7uJykbwiYvFjB4sw9Z9,,12.21,Ask,29.484
5iLqmcg8vifdnnw6wEpVtQxFE4Few5uiceDWzi3jvzH8,Place,1671436482,3onfu5Aa2HFtqi1ypUNGSpXZM2wdatjxfQrJtptRgTACt6TJkujWRVbjMNbXTVqpvfhfcQtEWcPHL7Hnm385Nhq,183119528,1141324,0,mkrc4jMLEPRoKLUnNL7Ctnwb7uJykbwiYvFjB4sw9Z9,,12.17,Bid,29.58
5iLqmcg8vifdnnw6wEpVtQxFE4Few5uiceDWzi3jvzH8,Place,1671436482,3onfu5Aa2HFtqi1ypUNGSpXZM2wdatjxfQrJtptRgTACt6TJkujWRVbjMNbXTVqpvfhfcQtEWcPHL7Hnm385Nhq,183119528,1141325,0,mkrc4jMLEPRoKLUnNL7Ctnwb7uJykbwiYvFjB4sw9Z9,,12.22,Ask,65.466
5iLqmcg8vifdnnw6wEpVtQxFE4Few5uiceDWzi3jvzH8,Place,1671436482,3onfu5Aa2HFtqi1ypUNGSpXZM2wdatjxfQrJtptRgTACt6TJkujWRVbjMNbXTVqpvfhfcQtEWcPHL7Hnm385Nhq,183119528,1141326,0,mkrc4jMLEPRoKLUnNL7Ctnwb7uJykbwiYvFjB4sw9Z9,,12.16,Bid,65.789
5iLqmcg8vifdnnw6wEpVtQxFE4Few5uiceDWzi3jvzH8,Place,1671436482,3onfu5Aa2HFtqi1ypUNGSpXZM2wdatjxfQrJtptRgTACt6TJkujWRVbjMNbXTVqpvfhfcQtEWcPHL7Hnm385Nhq,183119528,1141327,0,mkrc4jMLEPRoKLUnNL7Ctnwb7uJykbwiYvFjB4sw9Z9,,12.235,Ask,107.887
5iLqmcg8vifdnnw6wEpVtQxFE4Few5uiceDWzi3jvzH8,Place,1671436482,3onfu5Aa2HFtqi1ypUNGSpXZM2wdatjxfQrJtptRgTACt6TJkujWRVbjMNbXTVqpvfhfcQtEWcPHL7Hnm385Nhq,183119528,1141328,0,mkrc4jMLEPRoKLUnNL7Ctnwb7uJykbwiYvFjB4sw9Z9,,12.145,Bid,108.686
5iLqmcg8vifdnnw6wEpVtQxFE4Few5uiceDWzi3jvzH8,Place,1671436482,3onfu5Aa2HFtqi1ypUNGSpXZM2wdatjxfQrJtptRgTACt6TJkujWRVbjMNbXTVqpvfhfcQtEWcPHL7Hnm385Nhq,183119528,1141329,0,mkrc4jMLEPRoKLUnNL7Ctnwb7uJykbwiYvFjB4sw9Z9,,12.255,Ask,163.198
5iLqmcg8vifdnnw6wEpVtQxFE4Few5uiceDWzi3jvzH8,Place,1671436473,R3i66Pm3vVe7hKBUxFdkf6c4qFfVzPiBokt2NpCcScgxukQgmwy6nwQNWpDYEAMcSt4QzZt4FGU8DtHscht5wXP,183119505,1141313,0,mkrc4jMLEPRoKLUnNL7Ctnwb7uJykbwiYvFjB4sw9Z9,,12.135,Bid,164.812
5iLqmcg8vifdnnw6wEpVtQxFE4Few5uiceDWzi3jvzH8,Place,1671436473,R3i66Pm3vVe7hKBUxFdkf6c4qFfVzPiBokt2NpCcScgxukQgmwy6nwQNWpDYEAMcSt4QzZt4FGU8DtHscht5wXP,183119505,1141314,0,mkrc4jMLEPRoKLUnNL7Ctnwb7uJykbwiYvFjB4sw9Z9,,12.45,Ask,401.606
5iLqmcg8vifdnnw6wEpVtQxFE4Few5uiceDWzi3jvzH8,Place,1671436473,R3i66Pm3vVe7hKBUxFdkf6c4qFfVzPiBokt2NpCcScgxukQgmwy6nwQNWpDYEAMcSt4QzZt4FGU8DtHscht5wXP,183119505,1141315,0,mkrc4jMLEPRoKLUnNL7Ctnwb7uJykbwiYvFjB4sw9Z9,,11.95,Bid,418.41
5iLqmcg8vifdnnw6wEpVtQxFE4Few5uiceDWzi3jvzH8,Reduce,1671436472,52BceUToZADHeT291eH3vHtbkXTgGJ2M7zVHc2QA3Fv2aqced3gwDm6f8jGi9daejSPcdZ4hkCJxFVKumZuACtYE,183119502,1141301,0,mkrc4jMLEPRoKLUnNL7Ctnwb7uJykbwiYvFjB4sw9Z9,,12.19,Bid,3.742
5iLqmcg8vifdnnw6wEpVtQxFE4Few5uiceDWzi3jvzH8,Reduce,1671436472,52BceUToZADHeT291eH3vHtbkXTgGJ2M7zVHc2QA3Fv2aqced3gwDm6f8jGi9daejSPcdZ4hkCJxFVKumZuACtYE,183119502,1141301,1,mkrc4jMLEPRoKLUnNL7Ctnwb7uJykbwiYvFjB4sw9Z9,,12.2,Ask,5.737
5iLqmcg8vifdnnw6wEpVtQxFE4Few5uiceDWzi3jvzH8,Reduce,1671436472,52BceUToZADHeT291eH3vHtbkXTgGJ2M7zVHc2QA3Fv2aqced3gwDm6f8jGi9daejSPcdZ4hkCJxFVKumZuACtYE,183119502,1141301,2,mkrc4jMLEPRoKLUnNL7Ctnwb7uJykbwiYvFjB4sw9Z9,,12.185,Bid,14.772
5iLqmcg8vifdnnw6wEpVtQxFE4Few5uiceDWzi3jvzH8,Reduce,1671436472,52BceUToZADHeT291eH3vHtbkXTgGJ2M7zVHc2QA3Fv2aqced3gwDm6f8jGi9daejSPcdZ4hkCJxFVKumZuACtYE,183119502,1141301,3,mkrc4jMLEPRoKLUnNL7Ctnwb7uJykbwiYvFjB4sw9Z9,,12.205,Ask,14.748
5iLqmcg8vifdnnw6wEpVtQxFE4Few5uiceDWzi3jvzH8,Reduce,1671436472,52BceUToZADHeT291eH3vHtbkXTgGJ2M7zVHc2QA3Fv2aqced3gwDm6f8jGi9daejSPcdZ4hkCJxFVKumZuACtYE,183119502,1141301,4,mkrc4jMLEPRoKLUnNL7Ctnwb7uJykbwiYvFjB4sw9Z9,,12.175,Bid,29.568
5iLqmcg8vifdnnw6wEpVtQxFE4Few5uiceDWzi3jvzH8,Reduce,1671436472,52BceUToZADHeT291eH3vHtbkXTgGJ2M7zVHc2QA3Fv2aqced3gwDm6f8jGi9daejSPcdZ4hkCJxFVKumZuACtYE,183119502,1141301,5,mkrc4jMLEPRoKLUnNL7Ctnwb7uJykbwiYvFjB4sw9Z9,,12.215,Ask,29.471
5iLqmcg8vifdnnw6wEpVtQxFE4Few5uiceDWzi3jvzH8,Reduce,1671436472,52BceUToZADHeT291eH3vHtbkXTgGJ2M7zVHc2QA3Fv2aqced3gwDm6f8jGi9daejSPcdZ4hkCJxFVKumZuACtYE,183119502,1141301,6,mkrc4jMLEPRoKLUnNL7Ctnwb7uJykbwiYvFjB4sw9Z9,,12.165,Bid,65.762
5iLqmcg8vifdnnw6wEpVtQxFE4Few5uiceDWzi3jvzH8,Reduce,1671436472,52BceUToZADHeT291eH3vHtbkXTgGJ2M7zVHc2QA3Fv2aqced3gwDm6f8jGi9daejSPcdZ4hkCJxFVKumZuACtYE,183119502,1141301,7,mkrc4jMLEPRoKLUnNL7Ctnwb7uJykbwiYvFjB4sw9Z9,,12.225,Ask,65.439
5iLqmcg8vifdnnw6wEpVtQxFE4Few5uiceDWzi3jvzH8,Reduce,1671436472,52BceUToZADHeT291eH3vHtbkXTgGJ2M7zVHc2QA3Fv2aqced3gwDm6f8jGi9daejSPcdZ4hkCJxFVKumZuACtYE,183119502,1141301,8,mkrc4jMLEPRoKLUnNL7Ctnwb7uJykbwiYvFjB4sw9Z9,,12.135,Bid,108.776
5iLqmcg8vifdnnw6wEpVtQxFE4Few5uiceDWzi3jvzH8,Reduce,1671436472,52BceUToZADHeT291eH3vHtbkXTgGJ2M7zVHc2QA3Fv2aqced3gwDm6f8jGi9daejSPcdZ4hkCJxFVKumZuACtYE,183119502,1141301,9,mkrc4jMLEPRoKLUnNL7Ctnwb7uJykbwiYvFjB4sw9Z9,,12.225,Ask,107.975
5iLqmcg8vifdnnw6wEpVtQxFE4Few5uiceDWzi3jvzH8,Reduce,1671436472,52BceUToZADHeT291eH3vHtbkXTgGJ2M7zVHc2QA3Fv2aqced3gwDm6f8jGi9daejSPcdZ4hkCJxFVKumZuACtYE,183119502,1141301,10,mkrc4jMLEPRoKLUnNL7Ctnwb7uJykbwiYvFjB4sw9Z9,,12.115,Bid,165.084
5iLqmcg8vifdnnw6wEpVtQxFE4Few5uiceDWzi3jvzH8,Reduce,1671436472,52BceUToZADHeT291eH3vHtbkXTgGJ2M7zVHc2QA3Fv2aqced3gwDm6f8jGi9daejSPcdZ4hkCJxFVKumZuACtYE,183119502,1141301,11,mkrc4jMLEPRoKLUnNL7Ctnwb7uJykbwiYvFjB4sw9Z9,,12.245,Ask,163.331
5iLqmcg8vifdnnw6wEpVtQxFE4Few5uiceDWzi3jvzH8,Reduce,1671436472,52BceUToZADHeT291eH3vHtbkXTgGJ2M7zVHc2QA3Fv2aqced3gwDm6f8jGi9daejSPcdZ4hkCJxFVKumZuACtYE,183119502,1141301,12,mkrc4jMLEPRoKLUnNL7Ctnwb7uJykbwiYvFjB4sw9Z9,,11.93,Bid,419.111
5iLqmcg8vifdnnw6wEpVtQxFE4Few5uiceDWzi3jvzH8,Reduce,1671436472,52BceUToZADHeT291eH3vHtbkXTgGJ2M7zVHc2QA3Fv2aqced3gwDm6f8jGi9daejSPcdZ4hkCJxFVKumZuACtYE,183119502,1141301,13,mkrc4jMLEPRoKLUnNL7Ctnwb7uJykbwiYvFjB4sw9Z9,,12.43,Ask,402.252
5iLqmcg8vifdnnw6wEpVtQxFE4Few5uiceDWzi3jvzH8,Place,1671436472,52BceUToZADHeT291eH3vHtbkXTgGJ2M7zVHc2QA3Fv2aqced3gwDm6f8jGi9daejSPcdZ4hkCJxFVKumZuACtYE,183119502,1141302,0,mkrc4jMLEPRoKLUnNL7Ctnwb7uJykbwiYvFjB4sw9Z9,,12.205,Ask,5.735
5iLqmcg8vifdnnw6wEpVtQxFE4Few5uiceDWzi3jvzH8,Place,1671436472,52BceUToZADHeT291eH3vHtbkXTgGJ2M7zVHc2QA3Fv2aqced3gwDm6f8jGi9daejSPcdZ4hkCJxFVKumZuACtYE,183119502,1141303,0,mkrc4jMLEPRoKLUnNL7Ctnwb7uJykbwiYvFjB4sw9Z9,,12.195,Bid,5.74
5iLqmcg8vifdnnw6wEpVtQxFE4Few5uiceDWzi3jvzH8,Place,1671436472,52BceUToZADHeT291eH3vHtbkXTgGJ2M7zVHc2QA3Fv2aqced3gwDm6f8jGi9daejSPcdZ4hkCJxFVKumZuACtYE,183119502,1141304,0,mkrc4jMLEPRoKLUnNL7Ctnwb7uJykbwiYvFjB4sw9Z9,,12.21,Ask,14.742
5iLqmcg8vifdnnw6wEpVtQxFE4Few5uiceDWzi3jvzH8,Place,1671436472,52BceUToZADHeT291eH3vHtbkXTgGJ2M7zVHc2QA3Fv2aqced3gwDm6f8jGi9daejSPcdZ4hkCJxFVKumZuACtYE,183119502,1141305,0,mkrc4jMLEPRoKLUnNL7Ctnwb7uJykbwiYvFjB4sw9Z9,,12.19,Bid,14.766
5iLqmcg8vifdnnw6wEpVtQxFE4Few5uiceDWzi3jvzH8,Place,1671436472,52BceUToZADHeT291eH3vHtbkXTgGJ2M7zVHc2QA3Fv2aqced3gwDm6f8jGi9daejSPcdZ4hkCJxFVKumZuACtYE,183119502,1141306,0,mkrc4jMLEPRoKLUnNL7Ctnwb7uJykbwiYvFjB4sw9Z9,,12.22,Ask,29.459
5iLqmcg8vifdnnw6wEpVtQxFE4Few5uiceDWzi3jvzH8,Place,1671436472,52BceUToZADHeT291eH3vHtbkXTgGJ2M7zVHc2QA3Fv2aqced3gwDm6f8jGi9daejSPcdZ4hkCJxFVKumZuACtYE,183119502,1141307,0,mkrc4jMLEPRoKLUnNL7Ctnwb7uJykbwiYvFjB4sw9Z9,,12.18,Bid,29.556
5iLqmcg8vifdnnw6wEpVtQxFE4Few5uiceDWzi3jvzH8,Place,1671436472,52BceUToZADHeT291eH3vHtbkXTgGJ2M7zVHc2QA3Fv2aqced3gwDm6f8jGi9daejSPcdZ4hkCJxFVKumZuACtYE,183119502,1141308,0,mkrc4jMLEPRoKLUnNL7Ctnwb7uJykbwiYvFjB4sw9Z9,,12.23,Ask,65.412
5iLqmcg8vifdnnw6wEpVtQxFE4Few5uiceDWzi3jvzH8,Place,1671436472,52BceUToZADHeT291eH3vHtbkXTgGJ2M7zVHc2QA3Fv2aqced3gwDm6f8jGi9daejSPcdZ4hkCJxFVKumZuACtYE,183119502,1141309,0,mkrc4jMLEPRoKLUnNL7Ctnwb7uJykbwiYvFjB4sw9Z9,,12.17,Bid,65.735
5iLqmcg8vifdnnw6wEpVtQxFE4Few5uiceDWzi3jvzH8,Place,1671436472,52BceUToZADHeT291eH3vHtbkXTgGJ2M7zVHc2QA3Fv2aqced3gwDm6f8jGi9daejSPcdZ4hkCJxFVKumZuACtYE,183119502,1141310,0,mkrc4jMLEPRoKLUnNL7Ctnwb7uJykbwiYvFjB4sw9Z9,,12.245,Ask,107.799
5iLqmcg8vifdnnw6wEpVtQxFE4Few5uiceDWzi3jvzH8,Place,1671436472,52BceUToZADHeT291eH3vHtbkXTgGJ2M7zVHc2QA3Fv2aqced3gwDm6f8jGi9daejSPcdZ4hkCJxFVKumZuACtYE,183119502,1141311,0,mkrc4jMLEPRoKLUnNL7Ctnwb7uJykbwiYvFjB4sw9Z9,,12.155,Bid,108.597
5iLqmcg8vifdnnw6wEpVtQxFE4Few5uiceDWzi3jvzH8,Place,1671436472,52BceUToZADHeT291eH3vHtbkXTgGJ2M7zVHc2QA3Fv2aqced3gwDm6f8jGi9daejSPcdZ4hkCJxFVKumZuACtYE,183119502,1141312,0,mkrc4jMLEPRoKLUnNL7Ctnwb7uJykbwiYvFjB4sw9Z9,,12.265,Ask,163.065
5iLqmcg8vifdnnw6wEpVtQxFE4Few5uiceDWzi3jvzH8,Reduce,1671436462,2rQczqt4hT9X28uCXgCN99vWYuPQmpGNoMJkQTQdgxRairVvqRyG8Fcb9eBZGDNZZDHsK4FwLqMhG1Gnq6WGuCYE,183119475,1141289,0,mkrc4jMLEPRoKLUnNL7Ctnwb7uJykbwiYvFjB4sw9Z9,,12.18,Bid,5.747
5iLqmcg8vifdnnw6wEpVtQxFE4Few5uiceDWzi3jvzH8,Reduce,1671436462,2rQczqt4hT9X28uCXgCN99vWYuPQmpGNoMJkQTQdgxRairVvqRyG8Fcb9eBZGDNZZDHsK4FwLqMhG1Gnq6WGuCYE,183119475,1141289,1,mkrc4jMLEPRoKLUnNL7Ctnwb7uJykbwiYvFjB4sw9Z9,,12.19,Ask,5.742
5iLqmcg8vifdnnw6wEpVtQxFE4Few5uiceDWzi3jvzH8,Reduce,1671436462,2rQczqt4hT9X28uCXgCN99vWYuPQmpGNoMJkQTQdgxRairVvqRyG8Fcb9eBZGDNZZDHsK4FwLqMhG1Gnq6WGuCYE,183119475,1141289,2,mkrc4jMLEPRoKLUnNL7Ctnwb7uJykbwiYvFjB4sw9Z9,,12.175,Bid,14.784
5iLqmcg8vifdnnw6wEpVtQxFE4Few5uiceDWzi3jvzH8,Reduce,1671436462,2rQczqt4hT9X28uCXgCN99vWYuPQmpGNoMJkQTQdgxRairVvqRyG8Fcb9eBZGDNZZDHsK4FwLqMhG1Gnq6WGuCYE,183119475,1141289,3,mkrc4jMLEPRoKLUnNL7Ctnwb7uJykbwiYvFjB4sw9Z9,,12.195,Ask,14.76
5iLqmcg8vifdnnw6wEpVtQxFE4Few5uiceDWzi3jvzH8,Reduce,1671436462,2rQczqt4hT9X28uCXgCN99vWYuPQmpGNoMJkQTQdgxRairVvqRyG8Fcb9eBZGDNZZDHsK4FwLqMhG1Gnq6WGuCYE,183119475,1141289,4,mkrc4jMLEPRoKLUnNL7Ctnwb7uJykbwiYvFjB4sw9Z9,,12.16,Bid,29.605
5iLqmcg8vifdnnw6wEpVtQxFE4Few5uiceDWzi3jvzH8,Reduce,1671436462,2rQczqt4hT9X28uCXgCN99vWYuPQmpGNoMJkQTQdgxRairVvqRyG8Fcb9eBZGDNZZDHsK4FwLqMhG1Gnq6WGuCYE,183119475,1141289,5,mkrc4jMLEPRoKLUnNL7Ctnwb7uJykbwiYvFjB4sw9Z9,,12.2,Ask,29.508
5iLqmcg8vifdnnw6wEpVtQxFE4Few5uiceDWzi3jvzH8,Reduce,1671436462,2rQczqt4hT9X28uCXgCN99vWYuPQmpGNoMJkQTQdgxRairVvqRyG8Fcb9eBZGDNZZDHsK4FwLqMhG1Gnq6WGuCYE,183119475,1141289,6,mkrc4jMLEPRoKLUnNL7Ctnwb7uJykbwiYvFjB4sw9Z9,,12.15,Bid,65.843
5iLqmcg8vifdnnw6wEpVtQxFE4Few5uiceDWzi3jvzH8,Reduce,1671436462,2rQczqt4hT9X28uCXgCN99vWYuPQmpGNoMJkQTQdgxRairVvqRyG8Fcb9eBZGDNZZDHsK4FwLqMhG1Gnq6WGuCYE,183119475,1141289,7,mkrc4jMLEPRoKLUnNL7Ctnwb7uJykbwiYvFjB4sw9Z9,,12.21,Ask,65.52
5iLqmcg8vifdnnw6wEpVtQxFE4Few5uiceDWzi3jvzH8,Place,1671436462,2rQczqt4hT9X28uCXgCN99vWYuPQmpGNoMJkQTQdgxRairVvqRyG8Fcb9eBZGDNZZDHsK4FwLqMhG1Gnq6WGuCYE,183119475,1141290,0,mkrc4jMLEPRoKLUnNL7Ctnwb7uJykbwiYvFjB4sw9Z9,,12.2,Ask,5.737
5iLqmcg8vifdnnw6wEpVtQxFE4Few5uiceDWzi3jvzH8,Place,1671436462,2rQczqt4hT9X28uCXgCN99vWYuPQmpGNoMJkQTQdgxRairVvqRyG8Fcb9eBZGDNZZDHsK4FwLqMhG1Gnq6WGuCYE,183119475,1141291,0,mkrc4jMLEPRoKLUnNL7Ctnwb7uJykbwiYvFjB4sw9Z9,,12.19,Bid,5.742
5iLqmcg8vifdnnw6wEpVtQxFE4Few5uiceDWzi3jvzH8,Place,1671436462,2rQczqt4hT9X28uCXgCN99vWYuPQmpGNoMJkQTQdgxRairVvqRyG8Fcb9eBZGDNZZDHsK4FwLqMhG1Gnq6WGuCYE,183119475,1141292,0,mkrc4jMLEPRoKLUnNL7Ctnwb7uJykbwiYvFjB4sw9Z9,,12.205,Ask,14.748
5iLqmcg8vifdnnw6wEpVtQxFE4Few5uiceDWzi3jvzH8,Place,1671436462,2rQczqt4hT9X28uCXgCN99vWYuPQmpGNoMJkQTQdgxRairVvqRyG8Fcb9eBZGDNZZDHsK4FwLqMhG1Gnq6WGuCYE,183119475,1141293,0,mkrc4jMLEPRoKLUnNL7Ctnwb7uJykbwiYvFjB4sw9Z9,,12.185,Bid,14.772
5iLqmcg8vifdnnw6wEpVtQxFE4Few5uiceDWzi3jvzH8,Place,1671436462,2rQczqt4hT9X28uCXgCN99vWYuPQmpGNoMJkQTQdgxRairVvqRyG8Fcb9eBZGDNZZDHsK4FwLqMhG1Gnq6WGuCYE,183119475,1141294,0,mkrc4jMLEPRoKLUnNL7Ctnwb7uJykbwiYvFjB4sw9Z9,,12.215,Ask,29.471
5iLqmcg8vifdnnw6wEpVtQxFE4Few5uiceDWzi3jvzH8,Place,1671436462,2rQczqt4hT9X28uCXgCN99vWYuPQmpGNoMJkQTQdgxRairVvqRyG8Fcb9eBZGDNZZDHsK4FwLqMhG1Gnq6WGuCYE,183119475,1141295,0,mkrc4jMLEPRoKLUnNL7Ctnwb7uJykbwiYvFjB4sw9Z9,,12.175,Bid,29.568
5iLqmcg8vifdnnw6wEpVtQxFE4Few5uiceDWzi3jvzH8,Place,1671436462,2rQczqt4hT9X28uCXgCN99vWYuPQmpGNoMJkQTQdgxRairVvqRyG8Fcb9eBZGDNZZDHsK4FwLqMhG1Gnq6WGuCYE,183119475,1141296,0,mkrc4jMLEPRoKLUnNL7Ctnwb7uJykbwiYvFjB4sw9Z9,,12.225,Ask,65.439
5iLqmcg8vifdnnw6wEpVtQxFE4Few5uiceDWzi3jvzH8,Place,1671436462,2rQczqt4hT9X28uCXgCN99vWYuPQmpGNoMJkQTQdgxRairVvqRyG8Fcb9eBZGDNZZDHsK4FwLqMhG1Gnq6WGuCYE,183119475,1141297,0,mkrc4jMLEPRoKLUnNL7Ctnwb7uJykbwiYvFjB4sw9Z9,,12.165,Bid,65.762
5iLqmcg8vifdnnw6wEpVtQxFE4Few5uiceDWzi3jvzH8,Reduce,1671436453,5qRxZ5tHoSw86ysULrFpy2J98hFUjFkn9VruyURbhxWhba9CnoQdu1mUKuBsxXf3ZbEemyyia9D2XE7iASEAAjwK,183119452,1141283,0,mkrc4jMLEPRoKLUnNL7Ctnwb7uJykbwiYvFjB4sw9Z9,,12.175,Bid,5.749
5iLqmcg8vifdnnw6wEpVtQxFE4Few5uiceDWzi3jvzH8,Reduce,1671436453,5qRxZ5tHoSw86ysULrFpy2J98hFUjFkn9VruyURbhxWhba9CnoQdu1mUKuBsxXf3ZbEemyyia9D2XE7iASEAAjwK,183119452,1141283,1,mkrc4jMLEPRoKLUnNL7Ctnwb7uJykbwiYvFjB4sw9Z9,,12.185,Ask,4.744
5iLqmcg8vifdnnw6wEpVtQxFE4Few5uiceDWzi3jvzH8,Reduce,1671436453,5qRxZ5tHoSw86ysULrFpy2J98hFUjFkn9VruyURbhxWhba9CnoQdu1mUKuBsxXf3ZbEemyyia9D2XE7iASEAAjwK,183119452,1141283,2,mkrc4jMLEPRoKLUnNL7Ctnwb7uJykbwiYvFjB4sw9Z9,,12.17,Bid,14.79
5iLqmcg8vifdnnw6wEpVtQxFE4Few5uiceDWzi3jvzH8,Reduce,1671436453,5qRxZ5tHoSw86ysULrFpy2J98hFUjFkn9VruyURbhxWhba9CnoQdu1mUKuBsxXf3ZbEemyyia9D2XE7iASEAAjwK,183119452,1141283,3,mkrc4jMLEPRoKLUnNL7Ctnwb7uJykbwiYvFjB4sw9Z9,,12.19,Ask,14.766
5iLqmcg8vifdnnw6wEpVtQxFE4Few5uiceDWzi3jvzH8,Place,1671436453,5qRxZ5tHoSw86ysULrFpy2J98hFUjFkn9VruyURbhxWhba9CnoQdu1mUKuBsxXf3ZbEemyyia9D2XE7iASEAAjwK,183119452,1141284,0,mkrc4jMLEPRoKLUnNL7Ctnwb7uJykbwiYvFjB4sw9Z9,,12.19,Ask,5.742
5iLqmcg8vifdnnw6wEpVtQxFE4Few5uiceDWzi3jvzH8,Place,1671436453,5qRxZ5tHoSw86ysULrFpy2J98hFUjFkn9VruyURbhxWhba9CnoQdu1mUKuBsxXf3ZbEemyyia9D2XE7iASEAAjwK,183119452,1141285,0,mkrc4jMLEPRoKLUnNL7Ctnwb7uJykbwiYvFjB4sw9Z9,,12.18,Bid,5.747
5iLqmcg8vifdnnw6wEpVtQxFE4Few5uiceDWzi3jvzH8,Place,1671436453,5qRxZ5tHoSw86ysULrFpy2J98hFUjFkn9VruyURbhxWhba9CnoQdu1mUKuBsxXf3ZbEemyyia9D2XE7iASEAAjwK,183119452,1141286,0,mkrc4jMLEPRoKLUnNL7Ctnwb7uJykbwiYvFjB4sw9Z9,,12.195,Ask,14.76
5iLqmcg8vifdnnw6wEpVtQxFE4Few5uiceDWzi3jvzH8,Place,1671436453,5qRxZ5tHoSw86ysULrFpy2J98hFUjFkn9VruyURbhxWhba9CnoQdu1mUKuBsxXf3ZbEemyyia9D2XE7iASEAAjwK,183119452,1141287,0,mkrc4jMLEPRoKLUnNL7Ctnwb7uJykbwiYvFjB4sw9Z9,,12.175,Bid,14.784
5iLqmcg8vifdnnw6wEpVtQxFE4Few5uiceDWzi3jvzH8,Place,1671436452,2VX7swuVWQWbzX3skm5tYjufnUNWCsRddFQCfU3YNJ4GLutYwy5Nbs5Vf192kkHgyweFaSNUTN8tZKdqLCsQCUet,183119449,1141278,0,mkrc4jMLEPRoKLUnNL7Ctnwb7uJykbwiYvFjB4sw9Z9,,12.115,Bid,165.084
5iLqmcg8vifdnnw6wEpVtQxFE4Few5uiceDWzi3jvzH8,Place,1671436452,2VX7swuVWQWbzX3skm5tYjufnUNWCsRddFQCfU3YNJ4GLutYwy5Nbs5Vf192kkHgyweFaSNUTN8tZKdqLCsQCUet,183119449,1141279,0,mkrc4jMLEPRoKLUnNL7Ctnwb7uJykbwiYvFjB4sw9Z9,,12.43,Ask,402.252
5iLqmcg8vifdnnw6wEpVtQxFE4Few5uiceDWzi3jvzH8,Place,1671436452,2VX7swuVWQWbzX3skm5tYjufnUNWCsRddFQCfU3YNJ4GLutYwy5Nbs5Vf192kkHgyweFaSNUTN8tZKdqLCsQCUet,183119449,1141280,0,mkrc4jMLEPRoKLUnNL7Ctnwb7uJykbwiYvFjB4sw9Z9,,11.93,Bid,419.111
5iLqmcg8vifdnnw6wEpVtQxFE4Few5uiceDWzi3jvzH8,Reduce,1671436450,ksLkUWKPaHJDa3vaNRD5n1GS55mRUNGxvE1vcLYxmKHgZgQdgoycvYKkYpJecYSGwnGYfvRQ8A3juDUxdKAoAQJ,183119446,1141266,0,mkrc4jMLEPRoKLUnNL7Ctnwb7uJykbwiYvFjB4sw9Z9,,12.175,Bid,5.749
5iLqmcg8vifdnnw6wEpVtQxFE4Few5uiceDWzi3jvzH8,Reduce,1671436450,ksLkUWKPaHJDa3vaNRD5n1GS55mRUNGxvE1vcLYxmKHgZgQdgoycvYKkYpJecYSGwnGYfvRQ8A3juDUxdKAoAQJ,183119446,1141266,1,mkrc4jMLEPRoKLUnNL7Ctnwb7uJykbwiYvFjB4sw9Z9,,12.185,Ask,4.744
5iLqmcg8vifdnnw6wEpVtQxFE4Few5uiceDWzi3jvzH8,Reduce,1671436450,ksLkUWKPaHJDa3vaNRD5n1GS55mRUNGxvE1vcLYxmKHgZgQdgoycvYKkYpJecYSGwnGYfvRQ8A3juDUxdKAoAQJ,183119446,1141266,2,mkrc4jMLEPRoKLUnNL7Ctnwb7uJykbwiYvFjB4sw9Z9,,12.17,Bid,14.79
5iLqmcg8vifdnnw6wEpVtQxFE4Few5uiceDWzi3jvzH8,Reduce,1671436450,ksLkUWKPaHJDa3vaNRD5n1GS55mRUNGxvE1vcLYxmKHgZgQdgoycvYKkYpJecYSGwnGYfvRQ8A3juDUxdKAoAQJ,183119446,1141266,3,mkrc4jMLEPRoKLUnNL7Ctnwb7uJykbwiYvFjB4sw9Z9,,12.19,Ask,14.766
5iLqmcg8vifdnnw6wEpVtQxFE4Few5uiceDWzi3jvzH8,Reduce,1671436450,ksLkUWKPaHJDa3vaNRD5n1GS55mRUNGxvE1vcLYxmKHgZgQdgoycvYKkYpJecYSGwnGYfvRQ8A3juDUxdKAoAQJ,183119446,1141266,4,mkrc4jMLEPRoKLUnNL7Ctnwb7uJykbwiYvFjB4sw9Z9,,12.16,Bid,29.605
5iLqmcg8vifdnnw6wEpVtQxFE4Few5uiceDWzi3jvzH8,Reduce,1671436450,ksLkUWKPaHJDa3vaNRD5n1GS55mRUNGxvE1vcLYxmKHgZgQdgoycvYKkYpJecYSGwnGYfvRQ8A3juDUxdKAoAQJ,183119446,1141266,5,mkrc4jMLEPRoKLUnNL7Ctnwb7uJykbwiYvFjB4sw9Z9,,12.2,Ask,29.508
5iLqmcg8vifdnnw6wEpVtQxFE4Few5uiceDWzi3jvzH8,Reduce,1671436450,ksLkUWKPaHJDa3vaNRD5n1GS55mRUNGxvE1vcLYxmKHgZgQdgoycvYKkYpJecYSGwnGYfvRQ8A3juDUxdKAoAQJ,183119446,1141266,6,mkrc4jMLEPRoKLUnNL7Ctnwb7uJykbwiYvFjB4sw9Z9,,12.15,Bid,65.843
5iLqmcg8vifdnnw6wEpVtQxFE4Few5uiceDWzi3jvzH8,Reduce,1671436450,ksLkUWKPaHJDa3vaNRD5n1GS55mRUNGxvE1vcLYxmKHgZgQdgoycvYKkYpJecYSGwnGYfvRQ8A3juDUxdKAoAQJ,183119446,1141266,7,mkrc4jMLEPRoKLUnNL7Ctnwb7uJykbwiYvFjB4sw9Z9,,12.21,Ask,65.52
5iLqmcg8vifdnnw6wEpVtQxFE4Few5uiceDWzi3jvzH8,Reduce,1671436450,ksLkUWKPaHJDa3vaNRD5n1GS55mRUNGxvE1vcLYxmKHgZgQdgoycvYKkYpJecYSGwnGYfvRQ8A3juDUxdKAoAQJ,183119446,1141266,8,mkrc4jMLEPRoKLUnNL7Ctnwb7uJykbwiYvFjB4sw9Z9,,12.135,Bid,108.776
5iLqmcg8vifdnnw6wEpVtQxFE4Few5uiceDWzi3jvzH8,Reduce,1671436450,ksLkUWKPaHJDa3vaNRD5n1GS55mRUNGxvE1vcLYxmKHgZgQdgoycvYKkYpJecYSGwnGYfvRQ8A3juDUxdKAoAQJ,183119446,1141266,9,mkrc4jMLEPRoKLUnNL7Ctnwb7uJykbwiYvFjB4sw9Z9,,12.225,Ask,107.975
5iLqmcg8vifdnnw6wEpVtQxFE4Few5uiceDWzi3jvzH8,Reduce,1671436450,ksLkUWKPaHJDa3vaNRD5n1GS55mRUNGxvE1vcLYxmKHgZgQdgoycvYKkYpJecYSGwnGYfvRQ8A3juDUxdKAoAQJ,183119446,1141266,10,mkrc4jMLEPRoKLUnNL7Ctnwb7uJykbwiYvFjB4sw9Z9,,12.115,Bid,165.084
5iLqmcg8vifdnnw6wEpVtQxFE4Few5uiceDWzi3jvzH8,Reduce,1671436450,ksLkUWKPaHJDa3vaNRD5n1GS55mRUNGxvE1vcLYxmKHgZgQdgoycvYKkYpJecYSGwnGYfvRQ8A3juDUxdKAoAQJ,183119446,1141266,11,mkrc4jMLEPRoKLUnNL7Ctnwb7uJykbwiYvFjB4sw9Z9,,12.245,Ask,163.331
5iLqmcg8vifdnnw6wEpVtQxFE4Few5uiceDWzi3jvzH8,Reduce,1671436450,ksLkUWKPaHJDa3vaNRD5n1GS55mRUNGxvE1vcLYxmKHgZgQdgoycvYKkYpJecYSGwnGYfvRQ8A3juDUxdKAoAQJ,183119446,1141266,12,mkrc4jMLEPRoKLUnNL7Ctnwb7uJykbwiYvFjB4sw9Z9,,11.93,Bid,419.111
5iLqmcg8vifdnnw6wEpVtQxFE4Few5uiceDWzi3jvzH8,Reduce,1671436450,ksLkUWKPaHJDa3vaNRD5n1GS55mRUNGxvE1vcLYxmKHgZgQdgoycvYKkYpJecYSGwnGYfvRQ8A3juDUxdKAoAQJ,183119446,1141266,13,mkrc4jMLEPRoKLUnNL7Ctnwb7uJykbwiYvFjB4sw9Z9,,12.43,Ask,402.252
5iLqmcg8vifdnnw6wEpVtQxFE4Few5uiceDWzi3jvzH8,Place,1671436450,ksLkUWKPaHJDa3vaNRD5n1GS55mRUNGxvE1vcLYxmKHgZgQdgoycvYKkYpJecYSGwnGYfvRQ8A3juDUxdKAoAQJ,183119446,1141267,0,mkrc4jMLEPRoKLUnNL7Ctnwb7uJykbwiYvFjB4sw9Z9,,12.185,Ask,5.744
5iLqmcg8vifdnnw6wEpVtQxFE4Few5uiceDWzi3jvzH8,Place,1671436450,ksLkUWKPaHJDa3vaNRD5n1GS55mRUNGxvE1vcLYxmKHgZgQdgoycvYKkYpJecYSGwnGYfvRQ8A3juDUxdKAoAQJ,183119446,1141268,0,mkrc4jMLEPRoKLUnNL7Ctnwb7uJykbwiYvFjB4sw9Z9,,12.175,Bid,5.749
5iLqmcg8vifdnnw6wEpVtQxFE4Few5uiceDWzi3jvzH8,Place,1671436450,ksLkUWKPaHJDa3vaNRD5n1GS55mRUNGxvE1vcLYxmKHgZgQdgoycvYKkYpJecYSGwnGYfvRQ8A3juDUxdKAoAQJ,183119446,1141269,0,mkrc4jMLEPRoKLUnNL7Ctnwb7uJykbwiYvFjB4sw9Z9,,12.19,Ask,14.766
5iLqmcg8vifdnnw6wEpVtQxFE4Few5uiceDWzi3jvzH8,Place,1671436450,ksLkUWKPaHJDa3vaNRD5n1GS55mRUNGxvE1vcLYxmKHgZgQdgoycvYKkYpJecYSGwnGYfvRQ8A3juDUxdKAoAQJ,183119446,1141270,0,mkrc4jMLEPRoKLUnNL7Ctnwb7uJykbwiYvFjB4sw9Z9,,12.17,Bid,14.79
5iLqmcg8vifdnnw6wEpVtQxFE4Few5uiceDWzi3jvzH8,Place,1671436450,ksLkUWKPaHJDa3vaNRD5n1GS55mRUNGxvE1vcLYxmKHgZgQdgoycvYKkYpJecYSGwnGYfvRQ8A3juDUxdKAoAQJ,183119446,1141271,0,mkrc4jMLEPRoKLUnNL7Ctnwb7uJykbwiYvFjB4sw9Z9,,12.2,Ask,29.508
5iLqmcg8vifdnnw6wEpVtQxFE4Few5uiceDWzi3jvzH8,Place,1671436450,ksLkUWKPaHJDa3vaNRD5n1GS55mRUNGxvE1vcLYxmKHgZgQdgoycvYKkYpJecYSGwnGYfvRQ8A3juDUxdKAoAQJ,183119446,1141272,0,mkrc4jMLEPRoKLUnNL7Ctnwb7uJykbwiYvFjB4sw9Z9,,12.16,Bid,29.605
5iLqmcg8vifdnnw6wEpVtQxFE4Few5uiceDWzi3jvzH8,Place,1671436450,ksLkUWKPaHJDa3vaNRD5n1GS55mRUNGxvE1vcLYxmKHgZgQdgoycvYKkYpJecYSGwnGYfvRQ8A3juDUxdKAoAQJ,183119446,1141273,0,mkrc4jMLEPRoKLUnNL7Ctnwb7uJykbwiYvFjB4sw9Z9,,12.21,Ask,65.52
5iLqmcg8vifdnnw6wEpVtQxFE4Few5uiceDWzi3jvzH8,Place,1671436450,ksLkUWKPaHJDa3vaNRD5n1GS55mRUNGxvE1vcLYxmKHgZgQdgoycvYKkYpJecYSGwnGYfvRQ8A3juDUxdKAoAQJ,183119446,1141274,0,mkrc4jMLEPRoKLUnNL7Ctnwb7uJykbwiYvFjB4sw9Z9,,12.15,Bid,65.843
5iLqmcg8vifdnnw6wEpVtQxFE4Few5uiceDWzi3jvzH8,Place,1671436450,ksLkUWKPaHJDa3vaNRD5n1GS55mRUNGxvE1vcLYxmKHgZgQdgoycvYKkYpJecYSGwnGYfvRQ8A3juDUxdKAoAQJ,183119446,1141275,0,mkrc4jMLEPRoKLUnNL7Ctnwb7uJykbwiYvFjB4sw9Z9,,12.225,Ask,107.975
5iLqmcg8vifdnnw6wEpVtQxFE4Few5uiceDWzi3jvzH8,Place,1671436450,ksLkUWKPaHJDa3vaNRD5n1GS55mRUNGxvE1vcLYxmKHgZgQdgoycvYKkYpJecYSGwnGYfvRQ8A3juDUxdKAoAQJ,183119446,1141276,0,mkrc4jMLEPRoKLUnNL7Ctnwb7uJykbwiYvFjB4sw9Z9,,12.135,Bid,108.776
5iLqmcg8vifdnnw6wEpVtQxFE4Few5uiceDWzi3jvzH8,Place,1671436450,ksLkUWKPaHJDa3vaNRD5n1GS55mRUNGxvE1vcLYxmKHgZgQdgoycvYKkYpJecYSGwnGYfvRQ8A3juDUxdKAoAQJ,183119446,1141277,0,mkrc4jMLEPRoKLUnNL7Ctnwb7uJykbwiYvFjB4sw9Z9,,12.245,Ask,163.331
5iLqmcg8vifdnnw6wEpVtQxFE4Few5uiceDWzi3jvzH8,Place,1671436441,4LzGEvYGe2Wo9kihYhuCpHoqP3dXbG1g3ZeL1ku5kVFEwFN1HSaW4PuTXeZ2Kf2XTQvNNQyNsuKUWn4QvvBgYE59,183119422,1141261,0,mkrc4jMLEPRoKLUnNL7Ctnwb7uJykbwiYvFjB4sw9Z9,,12.115,Bid,165.084
5iLqmcg8vifdnnw6wEpVtQxFE4Few5uiceDWzi3jvzH8,Place,1671436441,4LzGEvYGe2Wo9kihYhuCpHoqP3dXbG1g3ZeL1ku5kVFEwFN1HSaW4PuTXeZ2Kf2XTQvNNQyNsuKUWn4QvvBgYE59,183119422,1141262,0,mkrc4jMLEPRoKLUnNL7Ctnwb7uJykbwiYvFjB4sw9Z9,,12.43,Ask,402.252
5iLqmcg8vifdnnw6wEpVtQxFE4Few5uiceDWzi3jvzH8,Place,1671436441,4LzGEvYGe2Wo9kihYhuCpHoqP3dXbG1g3ZeL1ku5kVFEwFN1HSaW4PuTXeZ2Kf2XTQvNNQyNsuKUWn4QvvBgYE59,183119422,1141263,0,mkrc4jMLEPRoKLUnNL7Ctnwb7uJykbwiYvFjB4sw9Z9,,11.93,Bid,419.111
5iLqmcg8vifdnnw6wEpVtQxFE4Few5uiceDWzi3jvzH8,Reduce,1671436440,5HYXcfs2vtUErs56DN2WJsWAQRBrpgv6bqWkjuQoeBkA4NVC9wRwpb5AFYcU3MnAukcsAdDpUEANRXE7FhESCbHq,183119419,1141249,0,mkrc4jMLEPRoKLUnNL7Ctnwb7uJykbwiYvFjB4sw9Z9,,12.175,Bid,5.749
5iLqmcg8vifdnnw6wEpVtQxFE4Few5uiceDWzi3jvzH8,Reduce,1671436440,5HYXcfs2vtUErs56DN2WJsWAQRBrpgv6bqWkjuQoeBkA4NVC9wRwpb5AFYcU3MnAukcsAdDpUEANRXE7FhESCbHq,183119419,1141249,1,mkrc4jMLEPRoKLUnNL7Ctnwb7uJykbwiYvFjB4sw9Z9,,12.185,Ask,4.744
5iLqmcg8vifdnnw6wEpVtQxFE4Few5uiceDWzi3jvzH8,Reduce,1671436440,5HYXcfs2vtUErs56DN2WJsWAQRBrpgv6bqWkjuQoeBkA4NVC9wRwpb5AFYcU3MnAukcsAdDpUEANRXE7FhESCbHq,183119419,1141249,2,mkrc4jMLEPRoKLUnNL7Ctnwb7uJykbwiYvFjB4sw9Z9,,12.17,Bid,14.79
5iLqmcg8vifdnnw6wEpVtQxFE4Few5uiceDWzi3jvzH8,Reduce,1671436440,5HYXcfs2vtUErs56DN2WJsWAQRBrpgv6bqWkjuQoeBkA4NVC9wRwpb5AFYcU3MnAukcsAdDpUEANRXE7FhESCbHq,183119419,1141249,3,mkrc4jMLEPRoKLUnNL7Ctnwb7uJykbwiYvFjB4sw9Z9,,12.19,Ask,14.766
5iLqmcg8vifdnnw6wEpVtQxFE4Few5uiceDWzi3jvzH8,Reduce,1671436440,5HYXcfs2vtUErs56DN2WJsWAQRBrpgv6bqWkjuQoeBkA4NVC9wRwpb5AFYcU3MnAukcsAdDpUEANRXE7FhESCbHq,183119419,1141249,4,mkrc4jMLEPRoKLUnNL7Ctnwb7uJykbwiYvFjB4sw9Z9,,12.16,Bid,29.605
5iLqmcg8vifdnnw6wEpVtQxFE4Few5uiceDWzi3jvzH8,Reduce,1671436440,5HYXcfs2vtUErs56DN2WJsWAQRBrpgv6bqWkjuQoeBkA4NVC9wRwpb5AFYcU3MnAukcsAdDpUEANRXE7FhESCbHq,183119419,1141249,5,mkrc4jMLEPRoKLUnNL7Ctnwb7uJykbwiYvFjB4sw9Z9,,12.2,Ask,29.508
5iLqmcg8vifdnnw6wEpVtQxFE4Few5uiceDWzi3jvzH8,Reduce,1671436440,5HYXcfs2vtUErs56DN2WJsWAQRBrpgv6bqWkjuQoeBkA4NVC9wRwpb5AFYcU3MnAukcsAdDpUEANRXE7FhESCbHq,183119419,1141249,6,mkrc4jMLEPRoKLUnNL7Ctnwb7uJykbwiYvFjB4sw9Z9,,12.15,Bid,65.843
5iLqmcg8vifdnnw6wEpVtQxFE4Few5uiceDWzi3jvzH8,Reduce,1671436440,5HYXcfs2vtUErs56DN2WJsWAQRBrpgv6bqWkjuQoeBkA4NVC9wRwpb5AFYcU3MnAukcsAdDpUEANRXE7FhESCbHq,183119419,1141249,7,mkrc4jMLEPRoKLUnNL7Ctnwb7uJykbwiYvFjB4sw9Z9,,12.21,Ask,65.52
5iLqmcg8vifdnnw6wEpVtQxFE4Few5uiceDWzi3jvzH8,Reduce,1671436440,5HYXcfs2vtUErs56DN2WJsWAQRBrpgv6bqWkjuQoeBkA4NVC9wRwpb5AFYcU3MnAukcsAdDpUEANRXE7FhESCbHq,183119419,1141249,8,mkrc4jMLEPRoKLUnNL7Ctnwb7uJykbwiYvFjB4sw9Z9,,12.135,Bid,108.776
5iLqmcg8vifdnnw6wEpVtQxFE4Few5uiceDWzi3jvzH8,Reduce,1671436440,5HYXcfs2vtUErs56DN2WJsWAQRBrpgv6bqWkjuQoeBkA4NVC9wRwpb5AFYcU3MnAukcsAdDpUEANRXE7FhESCbHq,183119419,1141249,9,mkrc4jMLEPRoKLUnNL7Ctnwb7uJykbwiYvFjB4sw9Z9,,12.225,Ask,107.975
5iLqmcg8vifdnnw6wEpVtQxFE4Few5uiceDWzi3jvzH8,Reduce,1671436440,5HYXcfs2vtUErs56DN2WJsWAQRBrpgv6bqWkjuQoeBkA4NVC9wRwpb5AFYcU3MnAukcsAdDpUEANRXE7FhESCbHq,183119419,1141249,10,mkrc4jMLEPRoKLUnNL7Ctnwb7uJykbwiYvFjB4sw9Z9,,12.115,Bid,165.084
5iLqmcg8vifdnnw6wEpVtQxFE4Few5uiceDWzi3jvzH8,Reduce,1671436440,5HYXcfs2vtUErs56DN2WJsWAQRBrpgv6bqWkjuQoeBkA4NVC9wRwpb5AFYcU3MnAukcsAdDpUEANRXE7FhESCbHq,183119419,1141249,11,mkrc4jMLEPRoKLUnNL7Ctnwb7uJykbwiYvFjB4sw9Z9,,12.245,Ask,163.331
5iLqmcg8vifdnnw6wEpVtQxFE4Few5uiceDWzi3jvzH8,Reduce,1671436440,5HYXcfs2vtUErs56DN2WJsWAQRBrpgv6bqWkjuQoeBkA4NVC9wRwpb5AFYcU3MnAukcsAdDpUEANRXE7FhESCbHq,183119419,1141249,12,mkrc4jMLEPRoKLUnNL7Ctnwb7uJykbwiYvFjB4sw9Z9,,11.93,Bid,419.111
5iLqmcg8vifdnnw6wEpVtQxFE4Few5uiceDWzi3jvzH8,Reduce,1671436440,5HYXcfs2vtUErs56DN2WJsWAQRBrpgv6bqWkjuQoeBkA4NVC9wRwpb5AFYcU3MnAukcsAdDpUEANRXE7FhESCbHq,183119419,1141249,13,mkrc4jMLEPRoKLUnNL7Ctnwb7uJykbwiYvFjB4sw9Z9,,12.43,Ask,402.252
5iLqmcg8vifdnnw6wEpVtQxFE4Few5uiceDWzi3jvzH8,Place,1671436440,5HYXcfs2vtUErs56DN2WJsWAQRBrpgv6bqWkjuQoeBkA4NVC9wRwpb5AFYcU3MnAukcsAdDpUEANRXE7FhESCbHq,183119419,1141250,0,mkrc4jMLEPRoKLUnNL7Ctnwb7uJykbwiYvFjB4sw9Z9,,12.185,Ask,5.744
5iLqmcg8vifdnnw6wEpVtQxFE4Few5uiceDWzi3jvzH8,Place,1671436440,5HYXcfs2vtUErs56DN2WJsWAQRBrpgv6bqWkjuQoeBkA4NVC9wRwpb5AFYcU3MnAukcsAdDpUEANRXE7FhESCbHq,183119419,1141251,0,mkrc4jMLEPRoKLUnNL7Ctnwb7uJykbwiYvFjB4sw9Z9,,12.175,Bid,5.749
5iLqmcg8vifdnnw6wEpVtQxFE4Few5uiceDWzi3jvzH8,Place,1671436440,5HYXcfs2vtUErs56DN2WJsWAQRBrpgv6bqWkjuQoeBkA4NVC9wRwpb5AFYcU3MnAukcsAdDpUEANRXE7FhESCbHq,183119419,1141252,0,mkrc4jMLEPRoKLUnNL7Ctnwb7uJykbwiYvFjB4sw9Z9,,12.19,Ask,14.766
5iLqmcg8vifdnnw6wEpVtQxFE4Few5uiceDWzi3jvzH8,Place,1671436440,5HYXcfs2vtUErs56DN2WJsWAQRBrpgv6bqWkjuQoeBkA4NVC9wRwpb5AFYcU3MnAukcsAdDpUEANRXE7FhESCbHq,183119419,1141253,0,mkrc4jMLEPRoKLUnNL7Ctnwb7uJykbwiYvFjB4sw9Z9,,12.17,Bid,14.79
5iLqmcg8vifdnnw6wEpVtQxFE4Few5uiceDWzi3jvzH8,Place,1671436440,5HYXcfs2vtUErs56DN2WJsWAQRBrpgv6bqWkjuQoeBkA4NVC9wRwpb5AFYcU3MnAukcsAdDpUEANRXE7FhESCbHq,183119419,1141254,0,mkrc4jMLEPRoKLUnNL7Ctnwb7uJykbwiYvFjB4sw9Z9,,12.2,Ask,29.508
5iLqmcg8vifdnnw6wEpVtQxFE4Few5uiceDWzi3jvzH8,Place,1671436440,5HYXcfs2vtUErs56DN2WJsWAQRBrpgv6bqWkjuQoeBkA4NVC9wRwpb5AFYcU3MnAukcsAdDpUEANRXE7FhESCbHq,183119419,1141255,0,mkrc4jMLEPRoKLUnNL7Ctnwb7uJykbwiYvFjB4sw9Z9,,12.16,Bid,29.605
5iLqmcg8vifdnnw6wEpVtQxFE4Few5uiceDWzi3jvzH8,Place,1671436440,5HYXcfs2vtUErs56DN2WJsWAQRBrpgv6bqWkjuQoeBkA4NVC9wRwpb5AFYcU3MnAukcsAdDpUEANRXE7FhESCbHq,183119419,1141256,0,mkrc4jMLEPRoKLUnNL7Ctnwb7uJykbwiYvFjB4sw9Z9,,12.21,Ask,65.52
5iLqmcg8vifdnnw6wEpVtQxFE4Few5uiceDWzi3jvzH8,Place,1671436440,5HYXcfs2vtUErs56DN2WJsWAQRBrpgv6bqWkjuQoeBkA4NVC9wRwpb5AFYcU3MnAukcsAdDpUEANRXE7FhESCbHq,183119419,1141257,0,mkrc4jMLEPRoKLUnNL7Ctnwb7uJykbwiYvFjB4sw9Z9,,12.15,Bid,65.843
5iLqmcg8vifdnnw6wEpVtQxFE4Few5uiceDWzi3jvzH8,Place,1671436440,5HYXcfs2vtUErs56DN2WJsWAQRBrpgv6bqWkjuQoeBkA4NVC9wRwpb5AFYcU3MnAukcsAdDpUEANRXE7FhESCbHq,183119419,1141258,0,mkrc4jMLEPRoKLUnNL7Ctnwb7uJykbwiYvFjB4sw9Z9,,12.225,Ask,107.975
5iLqmcg8vifdnnw6wEpVtQxFE4Few5uiceDWzi3jvzH8,Place,1671436440,5HYXcfs2vtUErs56DN2WJsWAQRBrpgv6bqWkjuQoeBkA4NVC9wRwpb5AFYcU3MnAukcsAdDpUEANRXE7FhESCbHq,183119419,1141259,0,mkrc4jMLEPRoKLUnNL7Ctnwb7uJykbwiYvFjB4sw9Z9,,12.135,Bid,108.776
5iLqmcg8vifdnnw6wEpVtQxFE4Few5uiceDWzi3jvzH8,Place,1671436440,5HYXcfs2vtUErs56DN2WJsWAQRBrpgv6bqWkjuQoeBkA4NVC9wRwpb5AFYcU3MnAukcsAdDpUEANRXE7FhESCbHq,183119419,1141260,0,mkrc4jMLEPRoKLUnNL7Ctnwb7uJykbwiYvFjB4sw9Z9,,12.245,Ask,163.331
5iLqmcg8vifdnnw6wEpVtQxFE4Few5uiceDWzi3jvzH8,Reduce,1671436430,5rSdT1pxNt1ok9zNYWWadokfRmnDctft7Ck55TfgezGdV8ucvVTahBRtzSSgP25JykHaw5LCG1ZVCZsbi73uEauM,183119392,1141232,0,mkrc4jMLEPRoKLUnNL7Ctnwb7uJykbwiYvFjB4sw9Z9,,12.115,Bid,164.084
5iLqmcg8vifdnnw6wEpVtQxFE4Few5uiceDWzi3jvzH8,Reduce,1671436430,5rSdT1pxNt1ok9zNYWWadokfRmnDctft7Ck55TfgezGdV8ucvVTahBRtzSSgP25JykHaw5LCG1ZVCZsbi73uEauM,183119392,1141232,1,mkrc4jMLEPRoKLUnNL7Ctnwb7uJykbwiYvFjB4sw9Z9,,11.93,Bid,419.111
5iLqmcg8vifdnnw6wEpVtQxFE4Few5uiceDWzi3jvzH8,Reduce,1671436430,5rSdT1pxNt1ok9zNYWWadokfRmnDctft7Ck55TfgezGdV8ucvVTahBRtzSSgP25JykHaw5LCG1ZVCZsbi73uEauM,183119392,1141232,2,mkrc4jMLEPRoKLUnNL7Ctnwb7uJykbwiYvFjB4sw9Z9,,12.43,Ask,402.252
5iLqmcg8vifdnnw6wEpVtQxFE4Few5uiceDWzi3jvzH8,Place,1671436430,5rSdT1pxNt1ok9zNYWWadokfRmnDctft7Ck55TfgezGdV8ucvVTahBRtzSSgP25JykHaw5LCG1ZVCZsbi73uEauM,183119392,1141233,0,mkrc4jMLEPRoKLUnNL7Ctnwb7uJykbwiYvFjB4sw9Z9,,12.185,Ask,5.744
5iLqmcg8vifdnnw6wEpVtQxFE4Few5uiceDWzi3jvzH8,Place,1671436430,5rSdT1pxNt1ok9zNYWWadokfRmnDctft7Ck55TfgezGdV8ucvVTahBRtzSSgP25JykHaw5LCG1ZVCZsbi73uEauM,183119392,1141234,0,mkrc4jMLEPRoKLUnNL7Ctnwb7uJykbwiYvFjB4sw9Z9,,12.175,Bid,5.749
5iLqmcg8vifdnnw6wEpVtQxFE4Few5uiceDWzi3jvzH8,Place,1671436430,5rSdT1pxNt1ok9zNYWWadokfRmnDctft7Ck55TfgezGdV8ucvVTahBRtzSSgP25JykHaw5LCG1ZVCZsbi73uEauM,183119392,1141235,0,mkrc4jMLEPRoKLUnNL7Ctnwb7uJykbwiYvFjB4sw9Z9,,12.19,Ask,14.766
5iLqmcg8vifdnnw6wEpVtQxFE4Few5uiceDWzi3jvzH8,Place,1671436430,5rSdT1pxNt1ok9zNYWWadokfRmnDctft7Ck55TfgezGdV8ucvVTahBRtzSSgP25JykHaw5LCG1ZVCZsbi73uEauM,183119392,1141236,0,mkrc4jMLEPRoKLUnNL7Ctnwb7uJykbwiYvFjB4sw9Z9,,12.17,Bid,14.79
5iLqmcg8vifdnnw6wEpVtQxFE4Few5uiceDWzi3jvzH8,Place,1671436430,5rSdT1pxNt1ok9zNYWWadokfRmnDctft7Ck55TfgezGdV8ucvVTahBRtzSSgP25JykHaw5LCG1ZVCZsbi73uEauM,183119392,1141237,0,mkrc4jMLEPRoKLUnNL7Ctnwb7uJykbwiYvFjB4sw9Z9,,12.2,Ask,29.508
5iLqmcg8vifdnnw6wEpVtQxFE4Few5uiceDWzi3jvzH8,Place,1671436430,5rSdT1pxNt1ok9zNYWWadokfRmnDctft7Ck55TfgezGdV8ucvVTahBRtzSSgP25JykHaw5LCG1ZVCZsbi73uEauM,183119392,1141238,0,mkrc4jMLEPRoKLUnNL7Ctnwb7uJykbwiYvFjB4sw9Z9,,12.16,Bid,29.605
5iLqmcg8vifdnnw6wEpVtQxFE4Few5uiceDWzi3jvzH8,Place,1671436430,5rSdT1pxNt1ok9zNYWWadokfRmnDctft7Ck55TfgezGdV8ucvVTahBRtzSSgP25JykHaw5LCG1ZVCZsbi73uEauM,183119392,1141239,0,mkrc4jMLEPRoKLUnNL7Ctnwb7uJykbwiYvFjB4sw9Z9,,12.21,Ask,65.52
5iLqmcg8vifdnnw6wEpVtQxFE4Few5uiceDWzi3jvzH8,Place,1671436430,5rSdT1pxNt1ok9zNYWWadokfRmnDctft7Ck55TfgezGdV8ucvVTahBRtzSSgP25JykHaw5LCG1ZVCZsbi73uEauM,183119392,1141240,0,mkrc4jMLEPRoKLUnNL7Ctnwb7uJykbwiYvFjB4sw9Z9,,12.15,Bid,65.843
5iLqmcg8vifdnnw6wEpVtQxFE4Few5uiceDWzi3jvzH8,Place,1671436430,5rSdT1pxNt1ok9zNYWWadokfRmnDctft7Ck55TfgezGdV8ucvVTahBRtzSSgP25JykHaw5LCG1ZVCZsbi73uEauM,183119392,1141241,0,mkrc4jMLEPRoKLUnNL7Ctnwb7uJykbwiYvFjB4sw9Z9,,12.225,Ask,107.975
5iLqmcg8vifdnnw6wEpVtQxFE4Few5uiceDWzi3jvzH8,Place,1671436430,5rSdT1pxNt1ok9zNYWWadokfRmnDctft7Ck55TfgezGdV8ucvVTahBRtzSSgP25JykHaw5LCG1ZVCZsbi73uEauM,183119392,1141242,0,mkrc4jMLEPRoKLUnNL7Ctnwb7uJykbwiYvFjB4sw9Z9,,12.135,Bid,108.776
5iLqmcg8vifdnnw6wEpVtQxFE4Few5uiceDWzi3jvzH8,Place,1671436430,5rSdT1pxNt1ok9zNYWWadokfRmnDctft7Ck55TfgezGdV8ucvVTahBRtzSSgP25JykHaw5LCG1ZVCZsbi73uEauM,183119392,1141243,0,mkrc4jMLEPRoKLUnNL7Ctnwb7uJykbwiYvFjB4sw9Z9,,12.245,Ask,163.331
5iLqmcg8vifdnnw6wEpVtQxFE4Few5uiceDWzi3jvzH8,Reduce,1671436424,4PVc8x7ZH9LLytYQpAm7eiEyZXUDmDSkPjUcvkDSGVQTYs5sEeTVQ3hfaKBfRR5Azud8nJWeZXkDQJxPrWHm96CP,183119375,1141230,0,mkrc4jMLEPRoKLUnNL7Ctnwb7uJykbwiYvFjB4sw9Z9,,12.185,Ask,5.744
5iLqmcg8vifdnnw6wEpVtQxFE4Few5uiceDWzi3jvzH8,Reduce,1671436424,4PVc8x7ZH9LLytYQpAm7eiEyZXUDmDSkPjUcvkDSGVQTYs5sEeTVQ3hfaKBfRR5Azud8nJWeZXkDQJxPrWHm96CP,183119375,1141230,1,mkrc4jMLEPRoKLUnNL7Ctnwb7uJykbwiYvFjB4sw9Z9,,12.19,Ask,14.766
5iLqmcg8vifdnnw6wEpVtQxFE4Few5uiceDWzi3jvzH8,Reduce,1671436424,4PVc8x7ZH9LLytYQpAm7eiEyZXUDmDSkPjUcvkDSGVQTYs5sEeTVQ3hfaKBfRR5Azud8nJWeZXkDQJxPrWHm96CP,183119375,1141230,2,mkrc4jMLEPRoKLUnNL7Ctnwb7uJykbwiYvFjB4sw9Z9,,12.2,Ask,29.508
5iLqmcg8vifdnnw6wEpVtQxFE4Few5uiceDWzi3jvzH8,Reduce,1671436424,4PVc8x7ZH9LLytYQpAm7eiEyZXUDmDSkPjUcvkDSGVQTYs5sEeTVQ3hfaKBfRR5Azud8nJWeZXkDQJxPrWHm96CP,183119375,1141230,3,mkrc4jMLEPRoKLUnNL7Ctnwb7uJykbwiYvFjB4sw9Z9,,12.21,Ask,65.52
5iLqmcg8vifdnnw6wEpVtQxFE4Few5uiceDWzi3jvzH8,Reduce,1671436424,4PVc8x7ZH9LLytYQpAm7eiEyZXUDmDSkPjUcvkDSGVQTYs5sEeTVQ3hfaKBfRR5Azud8nJWeZXkDQJxPrWHm96CP,183119375,1141230,4,mkrc4jMLEPRoKLUnNL7Ctnwb7uJykbwiYvFjB4sw9Z9,,12.225,Ask,107.975
5iLqmcg8vifdnnw6wEpVtQxFE4Few5uiceDWzi3jvzH8,Reduce,1671436424,4PVc8x7ZH9LLytYQpAm7eiEyZXUDmDSkPjUcvkDSGVQTYs5sEeTVQ3hfaKBfRR5Azud8nJWeZXkDQJxPrWHm96CP,183119375,1141230,5,mkrc4jMLEPRoKLUnNL7Ctnwb7uJykbwiYvFjB4sw9Z9,,12.245,Ask,163.331
5iLqmcg8vifdnnw6wEpVtQxFE4Few5uiceDWzi3jvzH8,Reduce,1671436424,4PVc8x7ZH9LLytYQpAm7eiEyZXUDmDSkPjUcvkDSGVQTYs5sEeTVQ3hfaKBfRR5Azud8nJWeZXkDQJxPrWHm96CP,183119375,1141230,6,mkrc4jMLEPRoKLUnNL7Ctnwb7uJykbwiYvFjB4sw9Z9,,12.135,Bid,108.776
5iLqmcg8vifdnnw6wEpVtQxFE4Few5uiceDWzi3jvzH8,Reduce,1671436424,4PVc8x7ZH9LLytYQpAm7eiEyZXUDmDSkPjUcvkDSGVQTYs5sEeTVQ3hfaKBfRR5Azud8nJWeZXkDQJxPrWHm96CP,183119375,1141230,7,mkrc4jMLEPRoKLUnNL7Ctnwb7uJykbwiYvFjB4sw9Z9,,12.15,Bid,65.843
5iLqmcg8vifdnnw6wEpVtQxFE4Few5uiceDWzi3jvzH8,Reduce,1671436424,4PVc8x7ZH9LLytYQpAm7eiEyZXUDmDSkPjUcvkDSGVQTYs5sEeTVQ3hfaKBfRR5Azud8nJWeZXkDQJxPrWHm96CP,183119375,1141230,8,mkrc4jMLEPRoKLUnNL7Ctnwb7uJykbwiYvFjB4sw9Z9,,12.16,Bid,29.605
5iLqmcg8vifdnnw6wEpVtQxFE4Few5uiceDWzi3jvzH8,Reduce,1671436424,4PVc8x7ZH9LLytYQpAm7eiEyZXUDmDSkPjUcvkDSGVQTYs5sEeTVQ3hfaKBfRR5Azud8nJWeZXkDQJxPrWHm96CP,183119375,1141230,9,mkrc4jMLEPRoKLUnNL7Ctnwb7uJykbwiYvFjB4sw9Z9,,12.17,Bid,14.79
5iLqmcg8vifdnnw6wEpVtQxFE4Few5uiceDWzi3jvzH8,Reduce,1671436424,4PVc8x7ZH9LLytYQpAm7eiEyZXUDmDSkPjUcvkDSGVQTYs5sEeTVQ3hfaKBfRR5Azud8nJWeZXkDQJxPrWHm96CP,183119375,1141230,10,mkrc4jMLEPRoKLUnNL7Ctnwb7uJykbwiYvFjB4sw9Z9,,12.175,Bid,5.749
5iLqmcg8vifdnnw6wEpVtQxFE4Few5uiceDWzi3jvzH8,Place,1671436422,3FtGP3sW1ybwpYqpbSGhs78yozDSskxUUeaVxayZjWkpmzvqyMifp8VBEtjFqbUaAiQ6Ad5yf3jWo8c3b8kQmCVr,183119370,1141226,0,mkrc4jMLEPRoKLUnNL7Ctnwb7uJykbwiYvFjB4sw9Z9,,12.115,Bid,165.084
5iLqmcg8vifdnnw6wEpVtQxFE4Few5uiceDWzi3jvzH8,Place,1671436422,3FtGP3sW1ybwpYqpbSGhs78yozDSskxUUeaVxayZjWkpmzvqyMifp8VBEtjFqbUaAiQ6Ad5yf3jWo8c3b8kQmCVr,183119370,1141227,0,mkrc4jMLEPRoKLUnNL7Ctnwb7uJykbwiYvFjB4sw9Z9,,12.43,Ask,402.252
5iLqmcg8vifdnnw6wEpVtQxFE4Few5uiceDWzi3jvzH8,Place,1671436422,3FtGP3sW1ybwpYqpbSGhs78yozDSskxUUeaVxayZjWkpmzvqyMifp8VBEtjFqbUaAiQ6Ad5yf3jWo8c3b8kQmCVr,183119370,1141228,0,mkrc4jMLEPRoKLUnNL7Ctnwb7uJykbwiYvFjB4sw9Z9,,11.93,Bid,419.111
5iLqmcg8vifdnnw6wEpVtQxFE4Few5uiceDWzi3jvzH8,Reduce,1671436420,a2NTm7Wno9LHzC3bwoX7ESbDsQuYJoMF9ggn3EhaCgFZVNJRJgMhomYUo2qdmZvrEX7VSZtbeGYFPVKNHebVhdZ,183119366,1141214,0,mkrc4jMLEPRoKLUnNL7Ctnwb7uJykbwiYvFjB4sw9Z9,,12.18,Bid,4.747
5iLqmcg8vifdnnw6wEpVtQxFE4Few5uiceDWzi3jvzH8,Reduce,1671436420,a2NTm7Wno9LHzC3bwoX7ESbDsQuYJoMF9ggn3EhaCgFZVNJRJgMhomYUo2qdmZvrEX7VSZtbeGYFPVKNHebVhdZ,183119366,1141214,1,mkrc4jMLEPRoKLUnNL7Ctnwb7uJykbwiYvFjB4sw9Z9,,12.19,Ask,4.742
5iLqmcg8vifdnnw6wEpVtQxFE4Few5uiceDWzi3jvzH8,Reduce,1671436420,a2NTm7Wno9LHzC3bwoX7ESbDsQuYJoMF9ggn3EhaCgFZVNJRJgMhomYUo2qdmZvrEX7VSZtbeGYFPVKNHebVhdZ,183119366,1141214,2,mkrc4jMLEPRoKLUnNL7Ctnwb7uJykbwiYvFjB4sw9Z9,,12.175,Bid,14.784
5iLqmcg8vifdnnw6wEpVtQxFE4Few5uiceDWzi3jvzH8,Reduce,1671436420,a2NTm7Wno9LHzC3bwoX7ESbDsQuYJoMF9ggn3EhaCgFZVNJRJgMhomYUo2qdmZvrEX7VSZtbeGYFPVKNHebVhdZ,183119366,1141214,3,mkrc4jMLEPRoKLUnNL7Ctnwb7uJykbwiYvFjB4sw9Z9,,12.195,Ask,14.76
5iLqmcg8vifdnnw6wEpVtQxFE4Few5uiceDWzi3jvzH8,Reduce,1671436420,a2NTm7Wno9LHzC3bwoX7ESbDsQuYJoMF9ggn3EhaCgFZVNJRJgMhomYUo2qdmZvrEX7VSZtbeGYFPVKNHebVhdZ,183119366,1141214,4,mkrc4jMLEPRoKLUnNL7Ctnwb7uJykbwiYvFjB4sw9Z9,,12.165,Bid,29.593
5iLqmcg8vifdnnw6wEpVtQxFE4Few5uiceDWzi3jvzH8,Reduce,1671436420,a2NTm7Wno9LHzC3bwoX7ESbDsQuYJoMF9ggn3EhaCgFZVNJRJgMhomYUo2qdmZvrEX7VSZtbeGYFPVKNHebVhdZ,183119366,1141214,5,mkrc4jMLEPRoKLUnNL7Ctnwb7uJykbwiYvFjB4sw9Z9,,12.205,Ask,29.496
5iLqmcg8vifdnnw6wEpVtQxFE4Few5uiceDWzi3jvzH8,Reduce,1671436420,a2NTm7Wno9LHzC3bwoX7ESbDsQuYJoMF9ggn3EhaCgFZVNJRJgMhomYUo2qdmZvrEX7VSZtbeGYFPVKNHebVhdZ,183119366,1141214,6,mkrc4jMLEPRoKLUnNL7Ctnwb7uJykbwiYvFjB4sw9Z9,,12.14,Bid,65.897
5iLqmcg8vifdnnw6wEpVtQxFE4Few5uiceDWzi3jvzH8,Reduce,1671436420,a2NTm7Wno9LHzC3bwoX7ESbDsQuYJoMF9ggn3EhaCgFZVNJRJgMhomYUo2qdmZvrEX7VSZtbeGYFPVKNHebVhdZ,183119366,1141214,7,mkrc4jMLEPRoKLUnNL7Ctnwb7uJykbwiYvFjB4sw9Z9,,12.2,Ask,65.573
5iLqmcg8vifdnnw6wEpVtQxFE4Few5uiceDWzi3jvzH8,Reduce,1671436420,a2NTm7Wno9LHzC3bwoX7ESbDsQuYJoMF9ggn3EhaCgFZVNJRJgMhomYUo2qdmZvrEX7VSZtbeGYFPVKNHebVhdZ,183119366,1141214,8,mkrc4jMLEPRoKLUnNL7Ctnwb7uJykbwiYvFjB4sw9Z9,,12.125,Bid,108.865
5iLqmcg8vifdnnw6wEpVtQxFE4Few5uiceDWzi3jvzH8,Reduce,1671436420,a2NTm7Wno9LHzC3bwoX7ESbDsQuYJoMF9ggn3EhaCgFZVNJRJgMhomYUo2qdmZvrEX7VSZtbeGYFPVKNHebVhdZ,183119366,1141214,9,mkrc4jMLEPRoKLUnNL7Ctnwb7uJykbwiYvFjB4sw9Z9,,12.215,Ask,108.063
5iLqmcg8vifdnnw6wEpVtQxFE4Few5uiceDWzi3jvzH8,Reduce,1671436420,a2NTm7Wno9LHzC3bwoX7ESbDsQuYJoMF9ggn3EhaCgFZVNJRJgMhomYUo2qdmZvrEX7VSZtbeGYFPVKNHebVhdZ,183119366,1141214,10,mkrc4jMLEPRoKLUnNL7Ctnwb7uJykbwiYvFjB4sw9Z9,,12.235,Ask,163.465
5iLqmcg8vifdnnw6wEpVtQxFE4Few5uiceDWzi3jvzH8,Place,1671436420,a2NTm7Wno9LHzC3bwoX7ESbDsQuYJoMF9ggn3EhaCgFZVNJRJgMhomYUo2qdmZvrEX7VSZtbeGYFPVKNHebVhdZ,183119366,1141215,0,mkrc4jMLEPRoKLUnNL7Ctnwb7uJykbwiYvFjB4sw9Z9,,12.185,Ask,5.744
5iLqmcg8vifdnnw6wEpVtQxFE4Few5uiceDWzi3jvzH8,Place,1671436420,a2NTm7Wno9LHzC3bwoX7ESbDsQuYJoMF9ggn3EhaCgFZVNJRJgMhomYUo2qdmZvrEX7VSZtbeGYFPVKNHebVhdZ,183119366,1141216,0,mkrc4jMLEPRoKLUnNL7Ctnwb7uJykbwiYvFjB4sw9Z9,,12.175,Bid,5.749
5iLqmcg8vifdnnw6wEpVtQxFE4Few5uiceDWzi3jvzH8,Place,1671436420,a2NTm7Wno9LHzC3bwoX7ESbDsQuYJoMF9ggn3EhaCgFZVNJRJgMhomYUo2qdmZvrEX7VSZtbeGYFPVKNHebVhdZ,183119366,1141217,0,mkrc4jMLEPRoKLUnNL7Ctnwb7uJykbwiYvFjB4sw9Z9,,12.19,Ask,14.766
5iLqmcg8vifdnnw6wEpVtQxFE4Few5uiceDWzi3jvzH8,Place,1671436420,a2NTm7Wno9LHzC3bwoX7ESbDsQuYJoMF9ggn3EhaCgFZVNJRJgMhomYUo2qdmZvrEX7VSZtbeGYFPVKNHebVhdZ,183119366,1141218,0,mkrc4jMLEPRoKLUnNL7Ctnwb7uJykbwiYvFjB4sw9Z9,,12.17,Bid,14.79
5iLqmcg8vifdnnw6wEpVtQxFE4Few5uiceDWzi3jvzH8,Place,1671436420,a2NTm7Wno9LHzC3bwoX7ESbDsQuYJoMF9ggn3EhaCgFZVNJRJgMhomYUo2qdmZvrEX7VSZtbeGYFPVKNHebVhdZ,183119366,1141219,0,mkrc4jMLEPRoKLUnNL7Ctnwb7uJykbwiYvFjB4sw9Z9,,12.2,Ask,29.508
5iLqmcg8vifdnnw6wEpVtQxFE4Few5uiceDWzi3jvzH8,Place,1671436420,a2NTm7Wno9LHzC3bwoX7ESbDsQuYJoMF9ggn3EhaCgFZVNJRJgMhomYUo2qdmZvrEX7VSZtbeGYFPVKNHebVhdZ,183119366,1141220,0,mkrc4jMLEPRoKLUnNL7Ctnwb7uJykbwiYvFjB4sw9Z9,,12.16,Bid,29.605
5iLqmcg8vifdnnw6wEpVtQxFE4Few5uiceDWzi3jvzH8,Place,1671436420,a2NTm7Wno9LHzC3bwoX7ESbDsQuYJoMF9ggn3EhaCgFZVNJRJgMhomYUo2qdmZvrEX7VSZtbeGYFPVKNHebVhdZ,183119366,1141221,0,mkrc4jMLEPRoKLUnNL7Ctnwb7uJykbwiYvFjB4sw9Z9,,12.21,Ask,65.52
5iLqmcg8vifdnnw6wEpVtQxFE4Few5uiceDWzi3jvzH8,Place,1671436420,a2NTm7Wno9LHzC3bwoX7ESbDsQuYJoMF9ggn3EhaCgFZVNJRJgMhomYUo2qdmZvrEX7VSZtbeGYFPVKNHebVhdZ,183119366,1141222,0,mkrc4jMLEPRoKLUnNL7Ctnwb7uJykbwiYvFjB4sw9Z9,,12.15,Bid,65.843
5iLqmcg8vifdnnw6wEpVtQxFE4Few5uiceDWzi3jvzH8,Place,1671436420,a2NTm7Wno9LHzC3bwoX7ESbDsQuYJoMF9ggn3EhaCgFZVNJRJgMhomYUo2qdmZvrEX7VSZtbeGYFPVKNHebVhdZ,183119366,1141223,0,mkrc4jMLEPRoKLUnNL7Ctnwb7uJykbwiYvFjB4sw9Z9,,12.225,Ask,107.975
5iLqmcg8vifdnnw6wEpVtQxFE4Few5uiceDWzi3jvzH8,Place,1671436420,a2NTm7Wno9LHzC3bwoX7ESbDsQuYJoMF9ggn3EhaCgFZVNJRJgMhomYUo2qdmZvrEX7VSZtbeGYFPVKNHebVhdZ,183119366,1141224,0,mkrc4jMLEPRoKLUnNL7Ctnwb7uJykbwiYvFjB4sw9Z9,,12.135,Bid,108.776
5iLqmcg8vifdnnw6wEpVtQxFE4Few5uiceDWzi3jvzH8,Place,1671436420,a2NTm7Wno9LHzC3bwoX7ESbDsQuYJoMF9ggn3EhaCgFZVNJRJgMhomYUo2qdmZvrEX7VSZtbeGYFPVKNHebVhdZ,183119366,1141225,0,mkrc4jMLEPRoKLUnNL7Ctnwb7uJykbwiYvFjB4sw9Z9,,12.245,Ask,163.331
5iLqmcg8vifdnnw6wEpVtQxFE4Few5uiceDWzi3jvzH8,Reduce,1671436410,8xpiXk44oYY4UYLtPu8waShaAL4ERPHgzX2ke7YBN1Ze46MzKFMp12HjSXdnrm8ozrd7xxUzoDk4SbNqHm9zJ8n,183119341,1141204,0,mkrc4jMLEPRoKLUnNL7Ctnwb7uJykbwiYvFjB4sw9Z9,,12.175,Bid,5.749
5iLqmcg8vifdnnw6wEpVtQxFE4Few5uiceDWzi3jvzH8,Reduce,1671436410,8xpiXk44oYY4UYLtPu8waShaAL4ERPHgzX2ke7YBN1Ze46MzKFMp12HjSXdnrm8ozrd7xxUzoDk4SbNqHm9zJ8n,183119341,1141204,1,mkrc4jMLEPRoKLUnNL7Ctnwb7uJykbwiYvFjB4sw9Z9,,12.185,Ask,5.744
5iLqmcg8vifdnnw6wEpVtQxFE4Few5uiceDWzi3jvzH8,Reduce,1671436410,8xpiXk44oYY4UYLtPu8waShaAL4ERPHgzX2ke7YBN1Ze46MzKFMp12HjSXdnrm8ozrd7xxUzoDk4SbNqHm9zJ8n,183119341,1141204,2,mkrc4jMLEPRoKLUnNL7Ctnwb7uJykbwiYvFjB4sw9Z9,,12.17,Bid,14.79
5iLqmcg8vifdnnw6wEpVtQxFE4Few5uiceDWzi3jvzH8,Reduce,1671436410,8xpiXk44oYY4UYLtPu8waShaAL4ERPHgzX2ke7YBN1Ze46MzKFMp12HjSXdnrm8ozrd7xxUzoDk4SbNqHm9zJ8n,183119341,1141204,3,mkrc4jMLEPRoKLUnNL7Ctnwb7uJykbwiYvFjB4sw9Z9,,12.19,Ask,14.766
5iLqmcg8vifdnnw6wEpVtQxFE4Few5uiceDWzi3jvzH8,Reduce,1671436410,8xpiXk44oYY4UYLtPu8waShaAL4ERPHgzX2ke7YBN1Ze46MzKFMp12HjSXdnrm8ozrd7xxUzoDk4SbNqHm9zJ8n,183119341,1141204,4,mkrc4jMLEPRoKLUnNL7Ctnwb7uJykbwiYvFjB4sw9Z9,,12.15,Bid,29.629
5iLqmcg8vifdnnw6wEpVtQxFE4Few5uiceDWzi3jvzH8,Reduce,1671436410,8xpiXk44oYY4UYLtPu8waShaAL4ERPHgzX2ke7YBN1Ze46MzKFMp12HjSXdnrm8ozrd7xxUzoDk4SbNqHm9zJ8n,183119341,1141204,5,mkrc4jMLEPRoKLUnNL7Ctnwb7uJykbwiYvFjB4sw9Z9,,12.19,Ask,29.532
5iLqmcg8vifdnnw6wEpVtQxFE4Few5uiceDWzi3jvzH8,Place,1671436410,8xpiXk44oYY4UYLtPu8waShaAL4ERPHgzX2ke7YBN1Ze46MzKFMp12HjSXdnrm8ozrd7xxUzoDk4SbNqHm9zJ8n,183119341,1141205,0,mkrc4jMLEPRoKLUnNL7Ctnwb7uJykbwiYvFjB4sw9Z9,,12.19,Ask,5.742
5iLqmcg8vifdnnw6wEpVtQxFE4Few5uiceDWzi3jvzH8,Place,1671436410,8xpiXk44oYY4UYLtPu8waShaAL4ERPHgzX2ke7YBN1Ze46MzKFMp12HjSXdnrm8ozrd7xxUzoDk4SbNqHm9zJ8n,183119341,1141206,0,mkrc4jMLEPRoKLUnNL7Ctnwb7uJykbwiYvFjB4sw9Z9,,12.18,Bid,5.747
5iLqmcg8vifdnnw6wEpVtQxFE4Few5uiceDWzi3jvzH8,Place,1671436410,8xpiXk44oYY4UYLtPu8waShaAL4ERPHgzX2ke7YBN1Ze46MzKFMp12HjSXdnrm8ozrd7xxUzoDk4SbNqHm9zJ8n,183119341,1141207,0,mkrc4jMLEPRoKLUnNL7Ctnwb7uJykbwiYvFjB4sw9Z9,,12.195,Ask,14.76
5iLqmcg8vifdnnw6wEpVtQxFE4Few5uiceDWzi3jvzH8,Place,1671436410,8xpiXk44oYY4UYLtPu8waShaAL4ERPHgzX2ke7YBN1Ze46MzKFMp12HjSXdnrm8ozrd7xxUzoDk4SbNqHm9zJ8n,183119341,1141208,0,mkrc4jMLEPRoKLUnNL7Ctnwb7uJykbwiYvFjB4sw9Z9,,12.175,Bid,14.784
5iLqmcg8vifdnnw6wEpVtQxFE4Few5uiceDWzi3jvzH8,Place,1671436410,8xpiXk44oYY4UYLtPu8waShaAL4ERPHgzX2ke7YBN1Ze46MzKFMp12HjSXdnrm8ozrd7xxUzoDk4SbNqHm9zJ8n,183119341,1141209,0,mkrc4jMLEPRoKLUnNL7Ctnwb7uJykbwiYvFjB4sw9Z9,,12.205,Ask,29.496
5iLqmcg8vifdnnw6wEpVtQxFE4Few5uiceDWzi3jvzH8,Place,1671436410,8xpiXk44oYY4UYLtPu8waShaAL4ERPHgzX2ke7YBN1Ze46MzKFMp12HjSXdnrm8ozrd7xxUzoDk4SbNqHm9zJ8n,183119341,1141210,0,mkrc4jMLEPRoKLUnNL7Ctnwb7uJykbwiYvFjB4sw9Z9,,12.165,Bid,29.593
5iLqmcg8vifdnnw6wEpVtQxFE4Few5uiceDWzi3jvzH8,Reduce,1671436409,3Abz3YQr9ZRohMAxPRpmMx3N4h5dhchbwKh522SiyWkZ41yLs5wYF3oMF8JXBMh5DMmU1E4C6wzRjBCP347JJ6K2,183119338,1141198,0,mkrc4jMLEPRoKLUnNL7Ctnwb7uJykbwiYvFjB4sw9Z9,,12.165,Bid,5.754
5iLqmcg8vifdnnw6wEpVtQxFE4Few5uiceDWzi3jvzH8,Reduce,1671436409,3Abz3YQr9ZRohMAxPRpmMx3N4h5dhchbwKh522SiyWkZ41yLs5wYF3oMF8JXBMh5DMmU1E4C6wzRjBCP347JJ6K2,183119338,1141198,1,mkrc4jMLEPRoKLUnNL7Ctnwb7uJykbwiYvFjB4sw9Z9,,12.175,Ask,5.749
5iLqmcg8vifdnnw6wEpVtQxFE4Few5uiceDWzi3jvzH8,Reduce,1671436409,3Abz3YQr9ZRohMAxPRpmMx3N4h5dhchbwKh522SiyWkZ41yLs5wYF3oMF8JXBMh5DMmU1E4C6wzRjBCP347JJ6K2,183119338,1141198,2,mkrc4jMLEPRoKLUnNL7Ctnwb7uJykbwiYvFjB4sw9Z9,,12.16,Bid,14.802
5iLqmcg8vifdnnw6wEpVtQxFE4Few5uiceDWzi3jvzH8,Reduce,1671436409,3Abz3YQr9ZRohMAxPRpmMx3N4h5dhchbwKh522SiyWkZ41yLs5wYF3oMF8JXBMh5DMmU1E4C6wzRjBCP347JJ6K2,183119338,1141198,3,mkrc4jMLEPRoKLUnNL7Ctnwb7uJykbwiYvFjB4sw9Z9,,12.18,Ask,14.778
5iLqmcg8vifdnnw6wEpVtQxFE4Few5uiceDWzi3jvzH8,Place,1671436409,3Abz3YQr9ZRohMAxPRpmMx3N4h5dhchbwKh522SiyWkZ41yLs5wYF3oMF8JXBMh5DMmU1E4C6wzRjBCP347JJ6K2,183119338,1141199,0,mkrc4jMLEPRoKLUnNL7Ctnwb7uJykbwiYvFjB4sw9Z9,,12.185,Ask,5.744
5iLqmcg8vifdnnw6wEpVtQxFE4Few5uiceDWzi3jvzH8,Place,1671436409,3Abz3YQr9ZRohMAxPRpmMx3N4h5dhchbwKh522SiyWkZ41yLs5wYF3oMF8JXBMh5DMmU1E4C6wzRjBCP347JJ6K2,183119338,1141200,0,mkrc4jMLEPRoKLUnNL7Ctnwb7uJykbwiYvFjB4sw9Z9,,12.175,Bid,5.749
5iLqmcg8vifdnnw6wEpVtQxFE4Few5uiceDWzi3jvzH8,Place,1671436409,3Abz3YQr9ZRohMAxPRpmMx3N4h5dhchbwKh522SiyWkZ41yLs5wYF3oMF8JXBMh5DMmU1E4C6wzRjBCP347JJ6K2,183119338,1141201,0,mkrc4jMLEPRoKLUnNL7Ctnwb7uJykbwiYvFjB4sw9Z9,,12.19,Ask,14.766
5iLqmcg8vifdnnw6wEpVtQxFE4Few5uiceDWzi3jvzH8,Place,1671436409,3Abz3YQr9ZRohMAxPRpmMx3N4h5dhchbwKh522SiyWkZ41yLs5wYF3oMF8JXBMh5DMmU1E4C6wzRjBCP347JJ6K2,183119338,1141202,0,mkrc4jMLEPRoKLUnNL7Ctnwb7uJykbwiYvFjB4sw9Z9,,12.17,Bid,14.79
5iLqmcg8vifdnnw6wEpVtQxFE4Few5uiceDWzi3jvzH8,Reduce,1671436405,wtDeLTYcJrQGPWZHhZL4Sw56TPtGJSR4G7uFPhkMR21a9Avsay3m2mZQWLkGNHt3jztEdK4jJP7XmMgFnc2ptwY,183119329,1141186,0,mkrc4jMLEPRoKLUnNL7Ctnwb7uJykbwiYvFjB4sw9Z9,,12.175,Bid,5.749
5iLqmcg8vifdnnw6wEpVtQxFE4Few5uiceDWzi3jvzH8,Reduce,1671436405,wtDeLTYcJrQGPWZHhZL4Sw56TPtGJSR4G7uFPhkMR21a9Avsay3m2mZQWLkGNHt3jztEdK4jJP7XmMgFnc2ptwY,183119329,1141186,1,mkrc4jMLEPRoKLUnNL7Ctnwb7uJykbwiYvFjB4sw9Z9,,12.185,Ask,4.744
5iLqmcg8vifdnnw6wEpVtQxFE4Few5uiceDWzi3jvzH8,Reduce,1671436405,wtDeLTYcJrQGPWZHhZL4Sw56TPtGJSR4G7uFPhkMR21a9Avsay3m2mZQWLkGNHt3jztEdK4jJP7XmMgFnc2ptwY,183119329,1141186,2,mkrc4jMLEPRoKLUnNL7Ctnwb7uJykbwiYvFjB4sw9Z9,,12.17,Bid,14.79
5iLqmcg8vifdnnw6wEpVtQxFE4Few5uiceDWzi3jvzH8,Reduce,1671436405,wtDeLTYcJrQGPWZHhZL4Sw56TPtGJSR4G7uFPhkMR21a9Avsay3m2mZQWLkGNHt3jztEdK4jJP7XmMgFnc2ptwY,183119329,1141186,3,mkrc4jMLEPRoKLUnNL7Ctnwb7uJykbwiYvFjB4sw9Z9,,12.19,Ask,14.766
5iLqmcg8vifdnnw6wEpVtQxFE4Few5uiceDWzi3jvzH8,Reduce,1671436405,wtDeLTYcJrQGPWZHhZL4Sw56TPtGJSR4G7uFPhkMR21a9Avsay3m2mZQWLkGNHt3jztEdK4jJP7XmMgFnc2ptwY,183119329,1141186,4,mkrc4jMLEPRoKLUnNL7Ctnwb7uJykbwiYvFjB4sw9Z9,,12.16,Bid,29.605
5iLqmcg8vifdnnw6wEpVtQxFE4Few5uiceDWzi3jvzH8,Reduce,1671436405,wtDeLTYcJrQGPWZHhZL4Sw56TPtGJSR4G7uFPhkMR21a9Avsay3m2mZQWLkGNHt3jztEdK4jJP7XmMgFnc2ptwY,183119329,1141186,5,mkrc4jMLEPRoKLUnNL7Ctnwb7uJykbwiYvFjB4sw9Z9,,12.2,Ask,29.508
5iLqmcg8vifdnnw6wEpVtQxFE4Few5uiceDWzi3jvzH8,Reduce,1671436405,wtDeLTYcJrQGPWZHhZL4Sw56TPtGJSR4G7uFPhkMR21a9Avsay3m2mZQWLkGNHt3jztEdK4jJP7XmMgFnc2ptwY,183119329,1141186,6,mkrc4jMLEPRoKLUnNL7Ctnwb7uJykbwiYvFjB4sw9Z9,,12.15,Bid,65.843
5iLqmcg8vifdnnw6wEpVtQxFE4Few5uiceDWzi3jvzH8,Reduce,1671436405,wtDeLTYcJrQGPWZHhZL4Sw56TPtGJSR4G7uFPhkMR21a9Avsay3m2mZQWLkGNHt3jztEdK4jJP7XmMgFnc2ptwY,183119329,1141186,7,mkrc4jMLEPRoKLUnNL7Ctnwb7uJykbwiYvFjB4sw9Z9,,12.21,Ask,65.52
5iLqmcg8vifdnnw6wEpVtQxFE4Few5uiceDWzi3jvzH8,Reduce,1671436405,wtDeLTYcJrQGPWZHhZL4Sw56TPtGJSR4G7uFPhkMR21a9Avsay3m2mZQWLkGNHt3jztEdK4jJP7XmMgFnc2ptwY,183119329,1141186,8,mkrc4jMLEPRoKLUnNL7Ctnwb7uJykbwiYvFjB4sw9Z9,,12.135,Bid,108.776
5iLqmcg8vifdnnw6wEpVtQxFE4Few5uiceDWzi3jvzH8,Reduce,1671436405,wtDeLTYcJrQGPWZHhZL4Sw56TPtGJSR4G7uFPhkMR21a9Avsay3m2mZQWLkGNHt3jztEdK4jJP7XmMgFnc2ptwY,183119329,1141186,9,mkrc4jMLEPRoKLUnNL7Ctnwb7uJykbwiYvFjB4sw9Z9,,12.225,Ask,107.975
5iLqmcg8vifdnnw6wEpVtQxFE4Few5uiceDWzi3jvzH8,Reduce,1671436405,wtDeLTYcJrQGPWZHhZL4Sw56TPtGJSR4G7uFPhkMR21a9Avsay3m2mZQWLkGNHt3jztEdK4jJP7XmMgFnc2ptwY,183119329,1141186,10,mkrc4jMLEPRoKLUnNL7Ctnwb7uJykbwiYvFjB4sw9Z9,,12.115,Bid,165.084
5iLqmcg8vifdnnw6wEpVtQxFE4Few5uiceDWzi3jvzH8,Reduce,1671436405,wtDeLTYcJrQGPWZHhZL4Sw56TPtGJSR4G7uFPhkMR21a9Avsay3m2mZQWLkGNHt3jztEdK4jJP7XmMgFnc2ptwY,183119329,1141186,11,mkrc4jMLEPRoKLUnNL7Ctnwb7uJykbwiYvFjB4sw9Z9,,12.245,Ask,163.331
5iLqmcg8vifdnnw6wEpVtQxFE4Few5uiceDWzi3jvzH8,Reduce,1671436405,wtDeLTYcJrQGPWZHhZL4Sw56TPtGJSR4G7uFPhkMR21a9Avsay3m2mZQWLkGNHt3jztEdK4jJP7XmMgFnc2ptwY,183119329,1141186,12,mkrc4jMLEPRoKLUnNL7Ctnwb7uJykbwiYvFjB4sw9Z9,,11.93,Bid,419.111
5iLqmcg8vifdnnw6wEpVtQxFE4Few5uiceDWzi3jvzH8,Reduce,1671436405,wtDeLTYcJrQGPWZHhZL4Sw56TPtGJSR4G7uFPhkMR21a9Avsay3m2mZQWLkGNHt3jztEdK4jJP7XmMgFnc2ptwY,183119329,1141186,13,mkrc4jMLEPRoKLUnNL7Ctnwb7uJykbwiYvFjB4sw9Z9,,12.43,Ask,402.252
5iLqmcg8vifdnnw6wEpVtQxFE4Few5uiceDWzi3jvzH8,Place,1671436405,wtDeLTYcJrQGPWZHhZL4Sw56TPtGJSR4G7uFPhkMR21a9Avsay3m2mZQWLkGNHt3jztEdK4jJP7XmMgFnc2ptwY,183119329,1141187,0,mkrc4jMLEPRoKLUnNL7Ctnwb7uJykbwiYvFjB4sw9Z9,,12.175,Ask,5.749
5iLqmcg8vifdnnw6wEpVtQxFE4Few5uiceDWzi3jvzH8,Place,1671436405,wtDeLTYcJrQGPWZHhZL4Sw56TPtGJSR4G7uFPhkMR21a9Avsay3m2mZQWLkGNHt3jztEdK4jJP7XmMgFnc2ptwY,183119329,1141188,0,mkrc4jMLEPRoKLUnNL7Ctnwb7uJykbwiYvFjB4sw9Z9,,12.165,Bid,5.754
5iLqmcg8vifdnnw6wEpVtQxFE4Few5uiceDWzi3jvzH8,Place,1671436405,wtDeLTYcJrQGPWZHhZL4Sw56TPtGJSR4G7uFPhkMR21a9Avsay3m2mZQWLkGNHt3jztEdK4jJP7XmMgFnc2ptwY,183119329,1141189,0,mkrc4jMLEPRoKLUnNL7Ctnwb7uJykbwiYvFjB4sw9Z9,,12.18,Ask,14.778
5iLqmcg8vifdnnw6wEpVtQxFE4Few5uiceDWzi3jvzH8,Place,1671436405,wtDeLTYcJrQGPWZHhZL4Sw56TPtGJSR4G7uFPhkMR21a9Avsay3m2mZQWLkGNHt3jztEdK4jJP7XmMgFnc2ptwY,183119329,1141190,0,mkrc4jMLEPRoKLUnNL7Ctnwb7uJykbwiYvFjB4sw9Z9,,12.16,Bid,14.802
5iLqmcg8vifdnnw6wEpVtQxFE4Few5uiceDWzi3jvzH8,Place,1671436405,wtDeLTYcJrQGPWZHhZL4Sw56TPtGJSR4G7uFPhkMR21a9Avsay3m2mZQWLkGNHt3jztEdK4jJP7XmMgFnc2ptwY,183119329,1141191,0,mkrc4jMLEPRoKLUnNL7Ctnwb7uJykbwiYvFjB4sw9Z9,,12.19,Ask,29.532
5iLqmcg8vifdnnw6wEpVtQxFE4Few5uiceDWzi3jvzH8,Place,1671436405,wtDeLTYcJrQGPWZHhZL4Sw56TPtGJSR4G7uFPhkMR21a9Avsay3m2mZQWLkGNHt3jztEdK4jJP7XmMgFnc2ptwY,183119329,1141192,0,mkrc4jMLEPRoKLUnNL7Ctnwb7uJykbwiYvFjB4sw9Z9,,12.15,Bid,29.629
5iLqmcg8vifdnnw6wEpVtQxFE4Few5uiceDWzi3jvzH8,Place,1671436405,wtDeLTYcJrQGPWZHhZL4Sw56TPtGJSR4G7uFPhkMR21a9Avsay3m2mZQWLkGNHt3jztEdK4jJP7XmMgFnc2ptwY,183119329,1141193,0,mkrc4jMLEPRoKLUnNL7Ctnwb7uJykbwiYvFjB4sw9Z9,,12.2,Ask,65.573
5iLqmcg8vifdnnw6wEpVtQxFE4Few5uiceDWzi3jvzH8,Place,1671436405,wtDeLTYcJrQGPWZHhZL4Sw56TPtGJSR4G7uFPhkMR21a9Avsay3m2mZQWLkGNHt3jztEdK4jJP7XmMgFnc2ptwY,183119329,1141194,0,mkrc4jMLEPRoKLUnNL7Ctnwb7uJykbwiYvFjB4sw9Z9,,12.14,Bid,65.897
5iLqmcg8vifdnnw6wEpVtQxFE4Few5uiceDWzi3jvzH8,Place,1671436405,wtDeLTYcJrQGPWZHhZL4Sw56TPtGJSR4G7uFPhkMR21a9Avsay3m2mZQWLkGNHt3jztEdK4jJP7XmMgFnc2ptwY,183119329,1141195,0,mkrc4jMLEPRoKLUnNL7Ctnwb7uJykbwiYvFjB4sw9Z9,,12.215,Ask,108.063
5iLqmcg8vifdnnw6wEpVtQxFE4Few5uiceDWzi3jvzH8,Place,1671436405,wtDeLTYcJrQGPWZHhZL4Sw56TPtGJSR4G7uFPhkMR21a9Avsay3m2mZQWLkGNHt3jztEdK4jJP7XmMgFnc2ptwY,183119329,1141196,0,mkrc4jMLEPRoKLUnNL7Ctnwb7uJykbwiYvFjB4sw9Z9,,12.125,Bid,108.865
5iLqmcg8vifdnnw6wEpVtQxFE4Few5uiceDWzi3jvzH8,Place,1671436405,wtDeLTYcJrQGPWZHhZL4Sw56TPtGJSR4G7uFPhkMR21a9Avsay3m2mZQWLkGNHt3jztEdK4jJP7XmMgFnc2ptwY,183119329,1141197,0,mkrc4jMLEPRoKLUnNL7Ctnwb7uJykbwiYvFjB4sw9Z9,,12.235,Ask,163.465
5iLqmcg8vifdnnw6wEpVtQxFE4Few5uiceDWzi3jvzH8,Place,1671436396,5naLebpBrNMzYSQUqGtSZNz1URMAt4TbL9CptCVwpY9k5HnHQmQMsiuvWVmjmY8UvcQRtd4WzjwXMCNj1HaejAy,183119305,1141181,0,mkrc4jMLEPRoKLUnNL7Ctnwb7uJykbwiYvFjB4sw9Z9,,12.115,Bid,165.084
5iLqmcg8vifdnnw6wEpVtQxFE4Few5uiceDWzi3jvzH8,Place,1671436396,5naLebpBrNMzYSQUqGtSZNz1URMAt4TbL9CptCVwpY9k5HnHQmQMsiuvWVmjmY8UvcQRtd4WzjwXMCNj1HaejAy,183119305,1141182,0,mkrc4jMLEPRoKLUnNL7Ctnwb7uJykbwiYvFjB4sw9Z9,,12.43,Ask,402.252
5iLqmcg8vifdnnw6wEpVtQxFE4Few5uiceDWzi3jvzH8,Place,1671436396,5naLebpBrNMzYSQUqGtSZNz1URMAt4TbL9CptCVwpY9k5HnHQmQMsiuvWVmjmY8UvcQRtd4WzjwXMCNj1HaejAy,183119305,1141183,0,mkrc4jMLEPRoKLUnNL7Ctnwb7uJykbwiYvFjB4sw9Z9,,11.93,Bid,419.111
5iLqmcg8vifdnnw6wEpVtQxFE4Few5uiceDWzi3jvzH8,Reduce,1671436395,4ePEK8NPZdP2seCC9DxNzidc3hPXecwEUyEarCrij1xDuC8G3thAZB3J9Ba4A8iqZJbKsnVR5KqvhHXaJvLDfFDB,183119302,1141169,0,mkrc4jMLEPRoKLUnNL7Ctnwb7uJykbwiYvFjB4sw9Z9,,12.18,Bid,5.747
5iLqmcg8vifdnnw6wEpVtQxFE4Few5uiceDWzi3jvzH8,Reduce,1671436395,4ePEK8NPZdP2seCC9DxNzidc3hPXecwEUyEarCrij1xDuC8G3thAZB3J9Ba4A8iqZJbKsnVR5KqvhHXaJvLDfFDB,183119302,1141169,1,mkrc4jMLEPRoKLUnNL7Ctnwb7uJykbwiYvFjB4sw9Z9,,12.19,Ask,4.742
5iLqmcg8vifdnnw6wEpVtQxFE4Few5uiceDWzi3jvzH8,Reduce,1671436395,4ePEK8NPZdP2seCC9DxNzidc3hPXecwEUyEarCrij1xDuC8G3thAZB3J9Ba4A8iqZJbKsnVR5KqvhHXaJvLDfFDB,183119302,1141169,2,mkrc4jMLEPRoKLUnNL7Ctnwb7uJykbwiYvFjB4sw9Z9,,12.175,Bid,14.784
5iLqmcg8vifdnnw6wEpVtQxFE4Few5uiceDWzi3jvzH8,Reduce,1671436395,4ePEK8NPZdP2seCC9DxNzidc3hPXecwEUyEarCrij1xDuC8G3thAZB3J9Ba4A8iqZJbKsnVR5KqvhHXaJvLDfFDB,183119302,1141169,3,mkrc4jMLEPRoKLUnNL7Ctnwb7uJykbwiYvFjB4sw9Z9,,12.195,Ask,14.76
5iLqmcg8vifdnnw6wEpVtQxFE4Few5uiceDWzi3jvzH8,Reduce,1671436395,4ePEK8NPZdP2seCC9DxNzidc3hPXecwEUyEarCrij1xDuC8G3thAZB3J9Ba4A8iqZJbKsnVR5KqvhHXaJvLDfFDB,183119302,1141169,4,mkrc4jMLEPRoKLUnNL7Ctnwb7uJykbwiYvFjB4sw9Z9,,12.165,Bid,29.593
5iLqmcg8vifdnnw6wEpVtQxFE4Few5uiceDWzi3jvzH8,Reduce,1671436395,4ePEK8NPZdP2seCC9DxNzidc3hPXecwEUyEarCrij1xDuC8G3thAZB3J9Ba4A8iqZJbKsnVR5KqvhHXaJvLDfFDB,183119302,1141169,5,mkrc4jMLEPRoKLUnNL7Ctnwb7uJykbwiYvFjB4sw9Z9,,12.205,Ask,29.496
5iLqmcg8vifdnnw6wEpVtQxFE4Few5uiceDWzi3jvzH8,Reduce,1671436395,4ePEK8NPZdP2seCC9DxNzidc3hPXecwEUyEarCrij1xDuC8G3thAZB3J9Ba4A8iqZJbKsnVR5KqvhHXaJvLDfFDB,183119302,1141169,6,mkrc4jMLEPRoKLUnNL7Ctnwb7uJykbwiYvFjB4sw9Z9,,12.155,Bid,65.816
5iLqmcg8vifdnnw6wEpVtQxFE4Few5uiceDWzi3jvzH8,Reduce,1671436395,4ePEK8NPZdP2seCC9DxNzidc3hPXecwEUyEarCrij1xDuC8G3thAZB3J9Ba4A8iqZJbKsnVR5KqvhHXaJvLDfFDB,183119302,1141169,7,mkrc4jMLEPRoKLUnNL7Ctnwb7uJykbwiYvFjB4sw9Z9,,12.215,Ask,65.493
5iLqmcg8vifdnnw6wEpVtQxFE4Few5uiceDWzi3jvzH8,Reduce,1671436395,4ePEK8NPZdP2seCC9DxNzidc3hPXecwEUyEarCrij1xDuC8G3thAZB3J9Ba4A8iqZJbKsnVR5KqvhHXaJvLDfFDB,183119302,1141169,8,mkrc4jMLEPRoKLUnNL7Ctnwb7uJykbwiYvFjB4sw9Z9,,12.14,Bid,108.731
5iLqmcg8vifdnnw6wEpVtQxFE4Few5uiceDWzi3jvzH8,Reduce,1671436395,4ePEK8NPZdP2seCC9DxNzidc3hPXecwEUyEarCrij1xDuC8G3thAZB3J9Ba4A8iqZJbKsnVR5KqvhHXaJvLDfFDB,183119302,1141169,9,mkrc4jMLEPRoKLUnNL7Ctnwb7uJykbwiYvFjB4sw9Z9,,12.23,Ask,107.931
5iLqmcg8vifdnnw6wEpVtQxFE4Few5uiceDWzi3jvzH8,Reduce,1671436395,4ePEK8NPZdP2seCC9DxNzidc3hPXecwEUyEarCrij1xDuC8G3thAZB3J9Ba4A8iqZJbKsnVR5KqvhHXaJvLDfFDB,183119302,1141169,10,mkrc4jMLEPRoKLUnNL7Ctnwb7uJykbwiYvFjB4sw9Z9,,12.12,Bid,165.016
5iLqmcg8vifdnnw6wEpVtQxFE4Few5uiceDWzi3jvzH8,Reduce,1671436395,4ePEK8NPZdP2seCC9DxNzidc3hPXecwEUyEarCrij1xDuC8G3thAZB3J9Ba4A8iqZJbKsnVR5KqvhHXaJvLDfFDB,183119302,1141169,11,mkrc4jMLEPRoKLUnNL7Ctnwb7uJykbwiYvFjB4sw9Z9,,12.25,Ask,163.265
5iLqmcg8vifdnnw6wEpVtQxFE4Few5uiceDWzi3jvzH8,Reduce,1671436395,4ePEK8NPZdP2seCC9DxNzidc3hPXecwEUyEarCrij1xDuC8G3thAZB3J9Ba4A8iqZJbKsnVR5KqvhHXaJvLDfFDB,183119302,1141169,12,mkrc4jMLEPRoKLUnNL7Ctnwb7uJykbwiYvFjB4sw9Z9,,11.935,Bid,418.935
5iLqmcg8vifdnnw6wEpVtQxFE4Few5uiceDWzi3jvzH8,Reduce,1671436395,4ePEK8NPZdP2seCC9DxNzidc3hPXecwEUyEarCrij1xDuC8G3thAZB3J9Ba4A8iqZJbKsnVR5KqvhHXaJvLDfFDB,183119302,1141169,13,mkrc4jMLEPRoKLUnNL7Ctnwb7uJykbwiYvFjB4sw9Z9,,12.435,Ask,402.09
5iLqmcg8vifdnnw6wEpVtQxFE4Few5uiceDWzi3jvzH8,Place,1671436395,4ePEK8NPZdP2seCC9DxNzidc3hPXecwEUyEarCrij1xDuC8G3thAZB3J9Ba4A8iqZJbKsnVR5KqvhHXaJvLDfFDB,183119302,1141170,0,mkrc4jMLEPRoKLUnNL7Ctnwb7uJykbwiYvFjB4sw9Z9,,12.185,Ask,5.744
5iLqmcg8vifdnnw6wEpVtQxFE4Few5uiceDWzi3jvzH8,Place,1671436395,4ePEK8NPZdP2seCC9DxNzidc3hPXecwEUyEarCrij1xDuC8G3thAZB3J9Ba4A8iqZJbKsnVR5KqvhHXaJvLDfFDB,183119302,1141171,0,mkrc4jMLEPRoKLUnNL7Ctnwb7uJykbwiYvFjB4sw9Z9,,12.175,Bid,5.749
5iLqmcg8vifdnnw6wEpVtQxFE4Few5uiceDWzi3jvzH8,Place,1671436395,4ePEK8NPZdP2seCC9DxNzidc3hPXecwEUyEarCrij1xDuC8G3thAZB3J9Ba4A8iqZJbKsnVR5KqvhHXaJvLDfFDB,183119302,1141172,0,mkrc4jMLEPRoKLUnNL7Ctnwb7uJykbwiYvFjB4sw9Z9,,12.19,Ask,14.766
5iLqmcg8vifdnnw6wEpVtQxFE4Few5uiceDWzi3jvzH8,Place,1671436395,4ePEK8NPZdP2seCC9DxNzidc3hPXecwEUyEarCrij1xDuC8G3thAZB3J9Ba4A8iqZJbKsnVR5KqvhHXaJvLDfFDB,183119302,1141173,0,mkrc4jMLEPRoKLUnNL7Ctnwb7uJykbwiYvFjB4sw9Z9,,12.17,Bid,14.79
5iLqmcg8vifdnnw6wEpVtQxFE4Few5uiceDWzi3jvzH8,Place,1671436395,4ePEK8NPZdP2seCC9DxNzidc3hPXecwEUyEarCrij1xDuC8G3thAZB3J9Ba4A8iqZJbKsnVR5KqvhHXaJvLDfFDB,183119302,1141174,0,mkrc4jMLEPRoKLUnNL7Ctnwb7uJykbwiYvFjB4sw9Z9,,12.2,Ask,29.508
5iLqmcg8vifdnnw6wEpVtQxFE4Few5uiceDWzi3jvzH8,Place,1671436395,4ePEK8NPZdP2seCC9DxNzidc3hPXecwEUyEarCrij1xDuC8G3thAZB3J9Ba4A8iqZJbKsnVR5KqvhHXaJvLDfFDB,183119302,1141175,0,mkrc4jMLEPRoKLUnNL7Ctnwb7uJykbwiYvFjB4sw9Z9,,12.16,Bid,29.605
5iLqmcg8vifdnnw6wEpVtQxFE4Few5uiceDWzi3jvzH8,Place,1671436395,4ePEK8NPZdP2seCC9DxNzidc3hPXecwEUyEarCrij1xDuC8G3thAZB3J9Ba4A8iqZJbKsnVR5KqvhHXaJvLDfFDB,183119302,1141176,0,mkrc4jMLEPRoKLUnNL7Ctnwb7uJykbwiYvFjB4sw9Z9,,12.21,Ask,65.52
5iLqmcg8vifdnnw6wEpVtQxFE4Few5uiceDWzi3jvzH8,Place,1671436395,4ePEK8NPZdP2seCC9DxNzidc3hPXecwEUyEarCrij1xDuC8G3thAZB3J9Ba4A8iqZJbKsnVR5KqvhHXaJvLDfFDB,183119302,1141177,0,mkrc4jMLEPRoKLUnNL7Ctnwb7uJykbwiYvFjB4sw9Z9,,12.15,Bid,65.843
5iLqmcg8vifdnnw6wEpVtQxFE4Few5uiceDWzi3jvzH8,Place,1671436395,4ePEK8NPZdP2seCC9DxNzidc3hPXecwEUyEarCrij1xDuC8G3thAZB3J9Ba4A8iqZJbKsnVR5KqvhHXaJvLDfFDB,183119302,1141178,0,mkrc4jMLEPRoKLUnNL7Ctnwb7uJykbwiYvFjB4sw9Z9,,12.225,Ask,107.975
5iLqmcg8vifdnnw6wEpVtQxFE4Few5uiceDWzi3jvzH8,Place,1671436395,4ePEK8NPZdP2seCC9DxNzidc3hPXecwEUyEarCrij1xDuC8G3thAZB3J9Ba4A8iqZJbKsnVR5KqvhHXaJvLDfFDB,183119302,1141179,0,mkrc4jMLEPRoKLUnNL7Ctnwb7uJykbwiYvFjB4sw9Z9,,12.135,Bid,108.776
5iLqmcg8vifdnnw6wEpVtQxFE4Few5uiceDWzi3jvzH8,Place,1671436395,4ePEK8NPZdP2seCC9DxNzidc3hPXecwEUyEarCrij1xDuC8G3thAZB3J9Ba4A8iqZJbKsnVR5KqvhHXaJvLDfFDB,183119302,1141180,0,mkrc4jMLEPRoKLUnNL7Ctnwb7uJykbwiYvFjB4sw9Z9,,12.245,Ask,163.331
5iLqmcg8vifdnnw6wEpVtQxFE4Few5uiceDWzi3jvzH8,Place,1671436386,45TuuJJaye22UQQ667Fmdyn6ZbYhAhhD6HcoxnCCGRuXK2CRaKddHtW3AVqQXCpUCXVBeWVt2bebhJv59jGh3nA2,183119279,1141165,0,mkrc4jMLEPRoKLUnNL7Ctnwb7uJykbwiYvFjB4sw9Z9,,12.435,Ask,402.09
5iLqmcg8vifdnnw6wEpVtQxFE4Few5uiceDWzi3jvzH8,Place,1671436386,45TuuJJaye22UQQ667Fmdyn6ZbYhAhhD6HcoxnCCGRuXK2CRaKddHtW3AVqQXCpUCXVBeWVt2bebhJv59jGh3nA2,183119279,1141166,0,mkrc4jMLEPRoKLUnNL7Ctnwb7uJykbwiYvFjB4sw9Z9,,11.935,Bid,418.935
5iLqmcg8vifdnnw6wEpVtQxFE4Few5uiceDWzi3jvzH8,Place,1671436385,28fbZzUz7TpLMNEtqftgh831xMBmevw1vx8gTxi1UmRZBuUhJ2Eot8araxkewrCVy3T612JSHE5P1MDctDymsFqf,183119276,1141153,0,mkrc4jMLEPRoKLUnNL7Ctnwb7uJykbwiYvFjB4sw9Z9,,12.19,Ask,5.742
5iLqmcg8vifdnnw6wEpVtQxFE4Few5uiceDWzi3jvzH8,Place,1671436385,28fbZzUz7TpLMNEtqftgh831xMBmevw1vx8gTxi1UmRZBuUhJ2Eot8araxkewrCVy3T612JSHE5P1MDctDymsFqf,183119276,1141154,0,mkrc4jMLEPRoKLUnNL7Ctnwb7uJykbwiYvFjB4sw9Z9,,12.18,Bid,5.747
5iLqmcg8vifdnnw6wEpVtQxFE4Few5uiceDWzi3jvzH8,Place,1671436385,28fbZzUz7TpLMNEtqftgh831xMBmevw1vx8gTxi1UmRZBuUhJ2Eot8araxkewrCVy3T612JSHE5P1MDctDymsFqf,183119276,1141155,0,mkrc4jMLEPRoKLUnNL7Ctnwb7uJykbwiYvFjB4sw9Z9,,12.195,Ask,14.76
5iLqmcg8vifdnnw6wEpVtQxFE4Few5uiceDWzi3jvzH8,Place,1671436385,28fbZzUz7TpLMNEtqftgh831xMBmevw1vx8gTxi1UmRZBuUhJ2Eot8araxkewrCVy3T612JSHE5P1MDctDymsFqf,183119276,1141156,0,mkrc4jMLEPRoKLUnNL7Ctnwb7uJykbwiYvFjB4sw9Z9,,12.175,Bid,14.784
5iLqmcg8vifdnnw6wEpVtQxFE4Few5uiceDWzi3jvzH8,Place,1671436385,28fbZzUz7TpLMNEtqftgh831xMBmevw1vx8gTxi1UmRZBuUhJ2Eot8araxkewrCVy3T612JSHE5P1MDctDymsFqf,183119276,1141157,0,mkrc4jMLEPRoKLUnNL7Ctnwb7uJykbwiYvFjB4sw9Z9,,12.205,Ask,29.496
5iLqmcg8vifdnnw6wEpVtQxFE4Few5uiceDWzi3jvzH8,Place,1671436385,28fbZzUz7TpLMNEtqftgh831xMBmevw1vx8gTxi1UmRZBuUhJ2Eot8araxkewrCVy3T612JSHE5P1MDctDymsFqf,183119276,1141158,0,mkrc4jMLEPRoKLUnNL7Ctnwb7uJykbwiYvFjB4sw9Z9,,12.165,Bid,29.593
5iLqmcg8vifdnnw6wEpVtQxFE4Few5uiceDWzi3jvzH8,Place,1671436385,28fbZzUz7TpLMNEtqftgh831xMBmevw1vx8gTxi1UmRZBuUhJ2Eot8araxkewrCVy3T612JSHE5P1MDctDymsFqf,183119276,1141159,0,mkrc4jMLEPRoKLUnNL7Ctnwb7uJykbwiYvFjB4sw9Z9,,12.215,Ask,65.493
5iLqmcg8vifdnnw6wEpVtQxFE4Few5uiceDWzi3jvzH8,Place,1671436385,28fbZzUz7TpLMNEtqftgh831xMBmevw1vx8gTxi1UmRZBuUhJ2Eot8araxkewrCVy3T612JSHE5P1MDctDymsFqf,183119276,1141160,0,mkrc4jMLEPRoKLUnNL7Ctnwb7uJykbwiYvFjB4sw9Z9,,12.155,Bid,65.816
5iLqmcg8vifdnnw6wEpVtQxFE4Few5uiceDWzi3jvzH8,Place,1671436385,28fbZzUz7TpLMNEtqftgh831xMBmevw1vx8gTxi1UmRZBuUhJ2Eot8araxkewrCVy3T612JSHE5P1MDctDymsFqf,183119276,1141161,0,mkrc4jMLEPRoKLUnNL7Ctnwb7uJykbwiYvFjB4sw9Z9,,12.23,Ask,107.931
5iLqmcg8vifdnnw6wEpVtQxFE4Few5uiceDWzi3jvzH8,Place,1671436385,28fbZzUz7TpLMNEtqftgh831xMBmevw1vx8gTxi1UmRZBuUhJ2Eot8araxkewrCVy3T612JSHE5P1MDctDymsFqf,183119276,1141162,0,mkrc4jMLEPRoKLUnNL7Ctnwb7uJykbwiYvFjB4sw9Z9,,12.14,Bid,108.731
5iLqmcg8vifdnnw6wEpVtQxFE4Few5uiceDWzi3jvzH8,Place,1671436385,28fbZzUz7TpLMNEtqftgh831xMBmevw1vx8gTxi1UmRZBuUhJ2Eot8araxkewrCVy3T612JSHE5P1MDctDymsFqf,183119276,1141163,0,mkrc4jMLEPRoKLUnNL7Ctnwb7uJykbwiYvFjB4sw9Z9,,12.25,Ask,163.265
5iLqmcg8vifdnnw6wEpVtQxFE4Few5uiceDWzi3jvzH8,Place,1671436385,28fbZzUz7TpLMNEtqftgh831xMBmevw1vx8gTxi1UmRZBuUhJ2Eot8araxkewrCVy3T612JSHE5P1MDctDymsFqf,183119276,1141164,0,mkrc4jMLEPRoKLUnNL7Ctnwb7uJykbwiYvFjB4sw9Z9,,12.12,Bid,165.016
5iLqmcg8vifdnnw6wEpVtQxFE4Few5uiceDWzi3jvzH8,Reduce,1671436379,2AB2eaarZ1pviZrxFLKV5hdbYBcHqEaWMApYQzrBYendBi5A6Wb3MS2uYWU34knXdXEYKzU45UqkDkFpjskgnUs9,183119260,1141151,0,mkrc4jMLEPRoKLUnNL7Ctnwb7uJykbwiYvFjB4sw9Z9,,12.2,Ask,5.737
5iLqmcg8vifdnnw6wEpVtQxFE4Few5uiceDWzi3jvzH8,Reduce,1671436379,2AB2eaarZ1pviZrxFLKV5hdbYBcHqEaWMApYQzrBYendBi5A6Wb3MS2uYWU34knXdXEYKzU45UqkDkFpjskgnUs9,183119260,1141151,1,mkrc4jMLEPRoKLUnNL7Ctnwb7uJykbwiYvFjB4sw9Z9,,12.205,Ask,14.748
5iLqmcg8vifdnnw6wEpVtQxFE4Few5uiceDWzi3jvzH8,Reduce,1671436379,2AB2eaarZ1pviZrxFLKV5hdbYBcHqEaWMApYQzrBYendBi5A6Wb3MS2uYWU34knXdXEYKzU45UqkDkFpjskgnUs9,183119260,1141151,2,mkrc4jMLEPRoKLUnNL7Ctnwb7uJykbwiYvFjB4sw9Z9,,12.215,Ask,29.471
5iLqmcg8vifdnnw6wEpVtQxFE4Few5uiceDWzi3jvzH8,Reduce,1671436379,2AB2eaarZ1pviZrxFLKV5hdbYBcHqEaWMApYQzrBYendBi5A6Wb3MS2uYWU34knXdXEYKzU45UqkDkFpjskgnUs9,183119260,1141151,3,mkrc4jMLEPRoKLUnNL7Ctnwb7uJykbwiYvFjB4sw9Z9,,12.225,Ask,65.439
5iLqmcg8vifdnnw6wEpVtQxFE4Few5uiceDWzi3jvzH8,Reduce,1671436379,2AB2eaarZ1pviZrxFLKV5hdbYBcHqEaWMApYQzrBYendBi5A6Wb3MS2uYWU34knXdXEYKzU45UqkDkFpjskgnUs9,183119260,1141151,4,mkrc4jMLEPRoKLUnNL7Ctnwb7uJykbwiYvFjB4sw9Z9,,12.24,Ask,107.843
5iLqmcg8vifdnnw6wEpVtQxFE4Few5uiceDWzi3jvzH8,Reduce,1671436379,2AB2eaarZ1pviZrxFLKV5hdbYBcHqEaWMApYQzrBYendBi5A6Wb3MS2uYWU34knXdXEYKzU45UqkDkFpjskgnUs9,183119260,1141151,5,mkrc4jMLEPRoKLUnNL7Ctnwb7uJykbwiYvFjB4sw9Z9,,12.26,Ask,163.132
5iLqmcg8vifdnnw6wEpVtQxFE4Few5uiceDWzi3jvzH8,Reduce,1671436379,2AB2eaarZ1pviZrxFLKV5hdbYBcHqEaWMApYQzrBYendBi5A6Wb3MS2uYWU34knXdXEYKzU45UqkDkFpjskgnUs9,183119260,1141151,6,mkrc4jMLEPRoKLUnNL7Ctnwb7uJykbwiYvFjB4sw9Z9,,12.15,Bid,108.641
5iLqmcg8vifdnnw6wEpVtQxFE4Few5uiceDWzi3jvzH8,Reduce,1671436379,2AB2eaarZ1pviZrxFLKV5hdbYBcHqEaWMApYQzrBYendBi5A6Wb3MS2uYWU34knXdXEYKzU45UqkDkFpjskgnUs9,183119260,1141151,7,mkrc4jMLEPRoKLUnNL7Ctnwb7uJykbwiYvFjB4sw9Z9,,12.165,Bid,65.762
5iLqmcg8vifdnnw6wEpVtQxFE4Few5uiceDWzi3jvzH8,Reduce,1671436379,2AB2eaarZ1pviZrxFLKV5hdbYBcHqEaWMApYQzrBYendBi5A6Wb3MS2uYWU34knXdXEYKzU45UqkDkFpjskgnUs9,183119260,1141151,8,mkrc4jMLEPRoKLUnNL7Ctnwb7uJykbwiYvFjB4sw9Z9,,12.175,Bid,29.568
5iLqmcg8vifdnnw6wEpVtQxFE4Few5uiceDWzi3jvzH8,Reduce,1671436379,2AB2eaarZ1pviZrxFLKV5hdbYBcHqEaWMApYQzrBYendBi5A6Wb3MS2uYWU34knXdXEYKzU45UqkDkFpjskgnUs9,183119260,1141151,9,mkrc4jMLEPRoKLUnNL7Ctnwb7uJykbwiYvFjB4sw9Z9,,12.185,Bid,14.772
5iLqmcg8vifdnnw6wEpVtQxFE4Few5uiceDWzi3jvzH8,Reduce,1671436379,2AB2eaarZ1pviZrxFLKV5hdbYBcHqEaWMApYQzrBYendBi5A6Wb3MS2uYWU34knXdXEYKzU45UqkDkFpjskgnUs9,183119260,1141151,10,mkrc4jMLEPRoKLUnNL7Ctnwb7uJykbwiYvFjB4sw9Z9,,12.19,Bid,5.742
5iLqmcg8vifdnnw6wEpVtQxFE4Few5uiceDWzi3jvzH8,Reduce,1671436376,41n1FPA9wnUktfFtuBaqzWmWSvtVw1tq51LufQB1cvPB6s4c5nj4ttdnUbhH9s4jPh4eNNwVBCaccCcY47RhnUMt,183119252,1141139,0,mkrc4jMLEPRoKLUnNL7Ctnwb7uJykbwiYvFjB4sw9Z9,,12.2,Bid,4.737
5iLqmcg8vifdnnw6wEpVtQxFE4Few5uiceDWzi3jvzH8,Reduce,1671436376,41n1FPA9wnUktfFtuBaqzWmWSvtVw1tq51LufQB1cvPB6s4c5nj4ttdnUbhH9s4jPh4eNNwVBCaccCcY47RhnUMt,183119252,1141139,1,mkrc4jMLEPRoKLUnNL7Ctnwb7uJykbwiYvFjB4sw9Z9,,12.21,Ask,4.733
5iLqmcg8vifdnnw6wEpVtQxFE4Few5uiceDWzi3jvzH8,Reduce,1671436376,41n1FPA9wnUktfFtuBaqzWmWSvtVw1tq51LufQB1cvPB6s4c5nj4ttdnUbhH9s4jPh4eNNwVBCaccCcY47RhnUMt,183119252,1141139,2,mkrc4jMLEPRoKLUnNL7Ctnwb7uJykbwiYvFjB4sw9Z9,,12.195,Bid,14.76
5iLqmcg8vifdnnw6wEpVtQxFE4Few5uiceDWzi3jvzH8,Reduce,1671436376,41n1FPA9wnUktfFtuBaqzWmWSvtVw1tq51LufQB1cvPB6s4c5nj4ttdnUbhH9s4jPh4eNNwVBCaccCcY47RhnUMt,183119252,1141139,3,mkrc4jMLEPRoKLUnNL7Ctnwb7uJykbwiYvFjB4sw9Z9,,12.215,Ask,14.735
5iLqmcg8vifdnnw6wEpVtQxFE4Few5uiceDWzi3jvzH8,Reduce,1671436376,41n1FPA9wnUktfFtuBaqzWmWSvtVw1tq51LufQB1cvPB6s4c5nj4ttdnUbhH9s4jPh4eNNwVBCaccCcY47RhnUMt,183119252,1141139,4,mkrc4jMLEPRoKLUnNL7Ctnwb7uJykbwiYvFjB4sw9Z9,,12.185,Bid,29.544
5iLqmcg8vifdnnw6wEpVtQxFE4Few5uiceDWzi3jvzH8,Reduce,1671436376,41n1FPA9wnUktfFtuBaqzWmWSvtVw1tq51LufQB1cvPB6s4c5nj4ttdnUbhH9s4jPh4eNNwVBCaccCcY47RhnUMt,183119252,1141139,5,mkrc4jMLEPRoKLUnNL7Ctnwb7uJykbwiYvFjB4sw9Z9,,12.225,Ask,29.447
5iLqmcg8vifdnnw6wEpVtQxFE4Few5uiceDWzi3jvzH8,Reduce,1671436376,41n1FPA9wnUktfFtuBaqzWmWSvtVw1tq51LufQB1cvPB6s4c5nj4ttdnUbhH9s4jPh4eNNwVBCaccCcY47RhnUMt,183119252,1141139,6,mkrc4jMLEPRoKLUnNL7Ctnwb7uJykbwiYvFjB4sw9Z9,,12.175,Bid,65.708
5iLqmcg8vifdnnw6wEpVtQxFE4Few5uiceDWzi3jvzH8,Reduce,1671436376,41n1FPA9wnUktfFtuBaqzWmWSvtVw1tq51LufQB1cvPB6s4c5nj4ttdnUbhH9s4jPh4eNNwVBCaccCcY47RhnUMt,183119252,1141139,7,mkrc4jMLEPRoKLUnNL7Ctnwb7uJykbwiYvFjB4sw9Z9,,12.235,Ask,65.386
5iLqmcg8vifdnnw6wEpVtQxFE4Few5uiceDWzi3jvzH8,Reduce,1671436376,41n1FPA9wnUktfFtuBaqzWmWSvtVw1tq51LufQB1cvPB6s4c5nj4ttdnUbhH9s4jPh4eNNwVBCaccCcY47RhnUMt,183119252,1141139,8,mkrc4jMLEPRoKLUnNL7Ctnwb7uJykbwiYvFjB4sw9Z9,,12.16,Bid,108.552
5iLqmcg8vifdnnw6wEpVtQxFE4Few5uiceDWzi3jvzH8,Reduce,1671436376,41n1FPA9wnUktfFtuBaqzWmWSvtVw1tq51LufQB1cvPB6s4c5nj4ttdnUbhH9s4jPh4eNNwVBCaccCcY47RhnUMt,183119252,1141139,9,mkrc4jMLEPRoKLUnNL7Ctnwb7uJykbwiYvFjB4sw9Z9,,12.25,Ask,107.755
5iLqmcg8vifdnnw6wEpVtQxFE4Few5uiceDWzi3jvzH8,Reduce,1671436376,41n1FPA9wnUktfFtuBaqzWmWSvtVw1tq51LufQB1cvPB6s4c5nj4ttdnUbhH9s4jPh4eNNwVBCaccCcY47RhnUMt,183119252,1141139,10,mkrc4jMLEPRoKLUnNL7Ctnwb7uJykbwiYvFjB4sw9Z9,,12.14,Bid,164.744
5iLqmcg8vifdnnw6wEpVtQxFE4Few5uiceDWzi3jvzH8,Reduce,1671436376,41n1FPA9wnUktfFtuBaqzWmWSvtVw1tq51LufQB1cvPB6s4c5nj4ttdnUbhH9s4jPh4eNNwVBCaccCcY47RhnUMt,183119252,1141139,11,mkrc4jMLEPRoKLUnNL7Ctnwb7uJykbwiYvFjB4sw9Z9,,12.27,Ask,162.999
5iLqmcg8vifdnnw6wEpVtQxFE4Few5uiceDWzi3jvzH8,Reduce,1671436376,41n1FPA9wnUktfFtuBaqzWmWSvtVw1tq51LufQB1cvPB6s4c5nj4ttdnUbhH9s4jPh4eNNwVBCaccCcY47RhnUMt,183119252,1141139,12,mkrc4jMLEPRoKLUnNL7Ctnwb7uJykbwiYvFjB4sw9Z9,,11.955,Bid,418.235
5iLqmcg8vifdnnw6wEpVtQxFE4Few5uiceDWzi3jvzH8,Reduce,1671436376,41n1FPA9wnUktfFtuBaqzWmWSvtVw1tq51LufQB1cvPB6s4c5nj4ttdnUbhH9s4jPh4eNNwVBCaccCcY47RhnUMt,183119252,1141139,13,mkrc4jMLEPRoKLUnNL7Ctnwb7uJykbwiYvFjB4sw9Z9,,12.455,Ask,401.445
5iLqmcg8vifdnnw6wEpVtQxFE4Few5uiceDWzi3jvzH8,Place,1671436376,41n1FPA9wnUktfFtuBaqzWmWSvtVw1tq51LufQB1cvPB6s4c5nj4ttdnUbhH9s4jPh4eNNwVBCaccCcY47RhnUMt,183119252,1141140,0,mkrc4jMLEPRoKLUnNL7Ctnwb7uJykbwiYvFjB4sw9Z9,,12.2,Ask,5.737
5iLqmcg8vifdnnw6wEpVtQxFE4Few5uiceDWzi3jvzH8,Place,1671436376,41n1FPA9wnUktfFtuBaqzWmWSvtVw1tq51LufQB1cvPB6s4c5nj4ttdnUbhH9s4jPh4eNNwVBCaccCcY47RhnUMt,183119252,1141141,0,mkrc4jMLEPRoKLUnNL7Ctnwb7uJykbwiYvFjB4sw9Z9,,12.19,Bid,5.742
5iLqmcg8vifdnnw6wEpVtQxFE4Few5uiceDWzi3jvzH8,Place,1671436376,41n1FPA9wnUktfFtuBaqzWmWSvtVw1tq51LufQB1cvPB6s4c5nj4ttdnUbhH9s4jPh4eNNwVBCaccCcY47RhnUMt,183119252,1141142,0,mkrc4jMLEPRoKLUnNL7Ctnwb7uJykbwiYvFjB4sw9Z9,,12.205,Ask,14.748
5iLqmcg8vifdnnw6wEpVtQxFE4Few5uiceDWzi3jvzH8,Place,1671436376,41n1FPA9wnUktfFtuBaqzWmWSvtVw1tq51LufQB1cvPB6s4c5nj4ttdnUbhH9s4jPh4eNNwVBCaccCcY47RhnUMt,183119252,1141143,0,mkrc4jMLEPRoKLUnNL7Ctnwb7uJykbwiYvFjB4sw9Z9,,12.185,Bid,14.772
5iLqmcg8vifdnnw6wEpVtQxFE4Few5uiceDWzi3jvzH8,Place,1671436376,41n1FPA9wnUktfFtuBaqzWmWSvtVw1tq51LufQB1cvPB6s4c5nj4ttdnUbhH9s4jPh4eNNwVBCaccCcY47RhnUMt,183119252,1141144,0,mkrc4jMLEPRoKLUnNL7Ctnwb7uJykbwiYvFjB4sw9Z9,,12.215,Ask,29.471
5iLqmcg8vifdnnw6wEpVtQxFE4Few5uiceDWzi3jvzH8,Place,1671436376,41n1FPA9wnUktfFtuBaqzWmWSvtVw1tq51LufQB1cvPB6s4c5nj4ttdnUbhH9s4jPh4eNNwVBCaccCcY47RhnUMt,183119252,1141145,0,mkrc4jMLEPRoKLUnNL7Ctnwb7uJykbwiYvFjB4sw9Z9,,12.175,Bid,29.568
5iLqmcg8vifdnnw6wEpVtQxFE4Few5uiceDWzi3jvzH8,Place,1671436376,41n1FPA9wnUktfFtuBaqzWmWSvtVw1tq51LufQB1cvPB6s4c5nj4ttdnUbhH9s4jPh4eNNwVBCaccCcY47RhnUMt,183119252,1141146,0,mkrc4jMLEPRoKLUnNL7Ctnwb7uJykbwiYvFjB4sw9Z9,,12.225,Ask,65.439
5iLqmcg8vifdnnw6wEpVtQxFE4Few5uiceDWzi3jvzH8,Place,1671436376,41n1FPA9wnUktfFtuBaqzWmWSvtVw1tq51LufQB1cvPB6s4c5nj4ttdnUbhH9s4jPh4eNNwVBCaccCcY47RhnUMt,183119252,1141147,0,mkrc4jMLEPRoKLUnNL7Ctnwb7uJykbwiYvFjB4sw9Z9,,12.165,Bid,65.762
5iLqmcg8vifdnnw6wEpVtQxFE4Few5uiceDWzi3jvzH8,Place,1671436376,41n1FPA9wnUktfFtuBaqzWmWSvtVw1tq51LufQB1cvPB6s4c5nj4ttdnUbhH9s4jPh4eNNwVBCaccCcY47RhnUMt,183119252,1141148,0,mkrc4jMLEPRoKLUnNL7Ctnwb7uJykbwiYvFjB4sw9Z9,,12.24,Ask,107.843
5iLqmcg8vifdnnw6wEpVtQxFE4Few5uiceDWzi3jvzH8,Place,1671436376,41n1FPA9wnUktfFtuBaqzWmWSvtVw1tq51LufQB1cvPB6s4c5nj4ttdnUbhH9s4jPh4eNNwVBCaccCcY47RhnUMt,183119252,1141149,0,mkrc4jMLEPRoKLUnNL7Ctnwb7uJykbwiYvFjB4sw9Z9,,12.15,Bid,108.641
5iLqmcg8vifdnnw6wEpVtQxFE4Few5uiceDWzi3jvzH8,Place,1671436376,41n1FPA9wnUktfFtuBaqzWmWSvtVw1tq51LufQB1cvPB6s4c5nj4ttdnUbhH9s4jPh4eNNwVBCaccCcY47RhnUMt,183119252,1141150,0,mkrc4jMLEPRoKLUnNL7Ctnwb7uJykbwiYvFjB4sw9Z9,,12.26,Ask,163.132
5iLqmcg8vifdnnw6wEpVtQxFE4Few5uiceDWzi3jvzH8,Place,1671436367,4XyjTapWzxxhNX5A7gwnZmzmNf4mjCBeT51YuM1vvhgqPB3j1yNVmp1iwQ8RbcjvDzCrwQNnmRoUvMCQC1PcXACn,183119228,1141133,0,mkrc4jMLEPRoKLUnNL7Ctnwb7uJykbwiYvFjB4sw9Z9,,12.14,Bid,164.744
5iLqmcg8vifdnnw6wEpVtQxFE4Few5uiceDWzi3jvzH8,Place,1671436367,4XyjTapWzxxhNX5A7gwnZmzmNf4mjCBeT51YuM1vvhgqPB3j1yNVmp1iwQ8RbcjvDzCrwQNnmRoUvMCQC1PcXACn,183119228,1141134,0,mkrc4jMLEPRoKLUnNL7Ctnwb7uJykbwiYvFjB4sw9Z9,,12.455,Ask,401.445
5iLqmcg8vifdnnw6wEpVtQxFE4Few5uiceDWzi3jvzH8,Place,1671436367,4XyjTapWzxxhNX5A7gwnZmzmNf4mjCBeT51YuM1vvhgqPB3j1yNVmp1iwQ8RbcjvDzCrwQNnmRoUvMCQC1PcXACn,183119228,1141135,0,mkrc4jMLEPRoKLUnNL7Ctnwb7uJykbwiYvFjB4sw9Z9,,11.955,Bid,418.235
5iLqmcg8vifdnnw6wEpVtQxFE4Few5uiceDWzi3jvzH8,Reduce,1671436365,4owkPoC1VTKodB6AJPgtKDXiwF5C1kirU9QipPoma4GpzSfCsTUSi9vARGkwuomd2SPrmt6D3g9J9JTzKujNCRFo,183119225,1141121,0,mkrc4jMLEPRoKLUnNL7Ctnwb7uJykbwiYvFjB4sw9Z9,,12.195,Bid,5.74
5iLqmcg8vifdnnw6wEpVtQxFE4Few5uiceDWzi3jvzH8,Reduce,1671436365,4owkPoC1VTKodB6AJPgtKDXiwF5C1kirU9QipPoma4GpzSfCsTUSi9vARGkwuomd2SPrmt6D3g9J9JTzKujNCRFo,183119225,1141121,1,mkrc4jMLEPRoKLUnNL7Ctnwb7uJykbwiYvFjB4sw9Z9,,12.205,Ask,5.735
5iLqmcg8vifdnnw6wEpVtQxFE4Few5uiceDWzi3jvzH8,Reduce,1671436365,4owkPoC1VTKodB6AJPgtKDXiwF5C1kirU9QipPoma4GpzSfCsTUSi9vARGkwuomd2SPrmt6D3g9J9JTzKujNCRFo,183119225,1141121,2,mkrc4jMLEPRoKLUnNL7Ctnwb7uJykbwiYvFjB4sw9Z9,,12.19,Bid,14.766
5iLqmcg8vifdnnw6wEpVtQxFE4Few5uiceDWzi3jvzH8,Reduce,1671436365,4owkPoC1VTKodB6AJPgtKDXiwF5C1kirU9QipPoma4GpzSfCsTUSi9vARGkwuomd2SPrmt6D3g9J9JTzKujNCRFo,183119225,1141121,3,mkrc4jMLEPRoKLUnNL7Ctnwb7uJykbwiYvFjB4sw9Z9,,12.21,Ask,14.742
5iLqmcg8vifdnnw6wEpVtQxFE4Few5uiceDWzi3jvzH8,Reduce,1671436365,4owkPoC1VTKodB6AJPgtKDXiwF5C1kirU9QipPoma4GpzSfCsTUSi9vARGkwuomd2SPrmt6D3g9J9JTzKujNCRFo,183119225,1141121,4,mkrc4jMLEPRoKLUnNL7Ctnwb7uJykbwiYvFjB4sw9Z9,,12.18,Bid,29.556
5iLqmcg8vifdnnw6wEpVtQxFE4Few5uiceDWzi3jvzH8,Reduce,1671436365,4owkPoC1VTKodB6AJPgtKDXiwF5C1kirU9QipPoma4GpzSfCsTUSi9vARGkwuomd2SPrmt6D3g9J9JTzKujNCRFo,183119225,1141121,5,mkrc4jMLEPRoKLUnNL7Ctnwb7uJykbwiYvFjB4sw9Z9,,12.22,Ask,29.459
5iLqmcg8vifdnnw6wEpVtQxFE4Few5uiceDWzi3jvzH8,Reduce,1671436365,4owkPoC1VTKodB6AJPgtKDXiwF5C1kirU9QipPoma4GpzSfCsTUSi9vARGkwuomd2SPrmt6D3g9J9JTzKujNCRFo,183119225,1141121,6,mkrc4jMLEPRoKLUnNL7Ctnwb7uJykbwiYvFjB4sw9Z9,,12.17,Bid,65.735
5iLqmcg8vifdnnw6wEpVtQxFE4Few5uiceDWzi3jvzH8,Reduce,1671436365,4owkPoC1VTKodB6AJPgtKDXiwF5C1kirU9QipPoma4GpzSfCsTUSi9vARGkwuomd2SPrmt6D3g9J9JTzKujNCRFo,183119225,1141121,7,mkrc4jMLEPRoKLUnNL7Ctnwb7uJykbwiYvFjB4sw9Z9,,12.23,Ask,65.412
5iLqmcg8vifdnnw6wEpVtQxFE4Few5uiceDWzi3jvzH8,Reduce,1671436365,4owkPoC1VTKodB6AJPgtKDXiwF5C1kirU9QipPoma4GpzSfCsTUSi9vARGkwuomd2SPrmt6D3g9J9JTzKujNCRFo,183119225,1141121,8,mkrc4jMLEPRoKLUnNL7Ctnwb7uJykbwiYvFjB4sw9Z9,,12.155,Bid,108.597
5iLqmcg8vifdnnw6wEpVtQxFE4Few5uiceDWzi3jvzH8,Reduce,1671436365,4owkPoC1VTKodB6AJPgtKDXiwF5C1kirU9QipPoma4GpzSfCsTUSi9vARGkwuomd2SPrmt6D3g9J9JTzKujNCRFo,183119225,1141121,9,mkrc4jMLEPRoKLUnNL7Ctnwb7uJykbwiYvFjB4sw9Z9,,12.245,Ask,107.799
5iLqmcg8vifdnnw6wEpVtQxFE4Few5uiceDWzi3jvzH8,Reduce,1671436365,4owkPoC1VTKodB6AJPgtKDXiwF5C1kirU9QipPoma4GpzSfCsTUSi9vARGkwuomd2SPrmt6D3g9J9JTzKujNCRFo,183119225,1141121,10,mkrc4jMLEPRoKLUnNL7Ctnwb7uJykbwiYvFjB4sw9Z9,,12.265,Ask,163.065
5iLqmcg8vifdnnw6wEpVtQxFE4Few5uiceDWzi3jvzH8,Place,1671436365,4owkPoC1VTKodB6AJPgtKDXiwF5C1kirU9QipPoma4GpzSfCsTUSi9vARGkwuomd2SPrmt6D3g9J9JTzKujNCRFo,183119225,1141122,0,mkrc4jMLEPRoKLUnNL7Ctnwb7uJykbwiYvFjB4sw9Z9,,12.21,Ask,5.733
5iLqmcg8vifdnnw6wEpVtQxFE4Few5uiceDWzi3jvzH8,Place,1671436365,4owkPoC1VTKodB6AJPgtKDXiwF5C1kirU9QipPoma4GpzSfCsTUSi9vARGkwuomd2SPrmt6D3g9J9JTzKujNCRFo,183119225,1141123,0,mkrc4jMLEPRoKLUnNL7Ctnwb7uJykbwiYvFjB4sw9Z9,,12.2,Bid,5.737
5iLqmcg8vifdnnw6wEpVtQxFE4Few5uiceDWzi3jvzH8,Place,1671436365,4owkPoC1VTKodB6AJPgtKDXiwF5C1kirU9QipPoma4GpzSfCsTUSi9vARGkwuomd2SPrmt6D3g9J9JTzKujNCRFo,183119225,1141124,0,mkrc4jMLEPRoKLUnNL7Ctnwb7uJykbwiYvFjB4sw9Z9,,12.215,Ask,14.735
5iLqmcg8vifdnnw6wEpVtQxFE4Few5uiceDWzi3jvzH8,Place,1671436365,4owkPoC1VTKodB6AJPgtKDXiwF5C1kirU9QipPoma4GpzSfCsTUSi9vARGkwuomd2SPrmt6D3g9J9JTzKujNCRFo,183119225,1141125,0,mkrc4jMLEPRoKLUnNL7Ctnwb7uJykbwiYvFjB4sw9Z9,,12.195,Bid,14.76
5iLqmcg8vifdnnw6wEpVtQxFE4Few5uiceDWzi3jvzH8,Place,1671436365,4owkPoC1VTKodB6AJPgtKDXiwF5C1kirU9QipPoma4GpzSfCsTUSi9vARGkwuomd2SPrmt6D3g9J9JTzKujNCRFo,183119225,1141126,0,mkrc4jMLEPRoKLUnNL7Ctnwb7uJykbwiYvFjB4sw9Z9,,12.225,Ask,29.447
5iLqmcg8vifdnnw6wEpVtQxFE4Few5uiceDWzi3jvzH8,Place,1671436365,4owkPoC1VTKodB6AJPgtKDXiwF5C1kirU9QipPoma4GpzSfCsTUSi9vARGkwuomd2SPrmt6D3g9J9JTzKujNCRFo,183119225,1141127,0,mkrc4jMLEPRoKLUnNL7Ctnwb7uJykbwiYvFjB4sw9Z9,,12.185,Bid,29.544
5iLqmcg8vifdnnw6wEpVtQxFE4Few5uiceDWzi3jvzH8,Place,1671436365,4owkPoC1VTKodB6AJPgtKDXiwF5C1kirU9QipPoma4GpzSfCsTUSi9vARGkwuomd2SPrmt6D3g9J9JTzKujNCRFo,183119225,1141128,0,mkrc4jMLEPRoKLUnNL7Ctnwb7uJykbwiYvFjB4sw9Z9,,12.235,Ask,65.386
5iLqmcg8vifdnnw6wEpVtQxFE4Few5uiceDWzi3jvzH8,Place,1671436365,4owkPoC1VTKodB6AJPgtKDXiwF5C1kirU9QipPoma4GpzSfCsTUSi9vARGkwuomd2SPrmt6D3g9J9JTzKujNCRFo,183119225,1141129,0,mkrc4jMLEPRoKLUnNL7Ctnwb7uJykbwiYvFjB4sw9Z9,,12.175,Bid,65.708
5iLqmcg8vifdnnw6wEpVtQxFE4Few5uiceDWzi3jvzH8,Place,1671436365,4owkPoC1VTKodB6AJPgtKDXiwF5C1kirU9QipPoma4GpzSfCsTUSi9vARGkwuomd2SPrmt6D3g9J9JTzKujNCRFo,183119225,1141130,0,mkrc4jMLEPRoKLUnNL7Ctnwb7uJykbwiYvFjB4sw9Z9,,12.25,Ask,107.755
5iLqmcg8vifdnnw6wEpVtQxFE4Few5uiceDWzi3jvzH8,Place,1671436365,4owkPoC1VTKodB6AJPgtKDXiwF5C1kirU9QipPoma4GpzSfCsTUSi9vARGkwuomd2SPrmt6D3g9J9JTzKujNCRFo,183119225,1141131,0,mkrc4jMLEPRoKLUnNL7Ctnwb7uJykbwiYvFjB4sw9Z9,,12.16,Bid,108.552
5iLqmcg8vifdnnw6wEpVtQxFE4Few5uiceDWzi3jvzH8,Place,1671436365,4owkPoC1VTKodB6AJPgtKDXiwF5C1kirU9QipPoma4GpzSfCsTUSi9vARGkwuomd2SPrmt6D3g9J9JTzKujNCRFo,183119225,1141132,0,mkrc4jMLEPRoKLUnNL7Ctnwb7uJykbwiYvFjB4sw9Z9,,12.27,Ask,162.999
5iLqmcg8vifdnnw6wEpVtQxFE4Few5uiceDWzi3jvzH8,Reduce,1671436355,riqX4rhxWxKYWt2VhvxZwMgRCaYZqFgCPb9aVeVRLHUyk6JxuJ8Ywrrwvqt5QsLqaxogDZrwFoeEr8dbsDX5jon,183119200,1141109,0,mkrc4jMLEPRoKLUnNL7Ctnwb7uJykbwiYvFjB4sw9Z9,,12.195,Bid,5.74
5iLqmcg8vifdnnw6wEpVtQxFE4Few5uiceDWzi3jvzH8,Reduce,1671436355,riqX4rhxWxKYWt2VhvxZwMgRCaYZqFgCPb9aVeVRLHUyk6JxuJ8Ywrrwvqt5QsLqaxogDZrwFoeEr8dbsDX5jon,183119200,1141109,1,mkrc4jMLEPRoKLUnNL7Ctnwb7uJykbwiYvFjB4sw9Z9,,12.205,Ask,3.735
5iLqmcg8vifdnnw6wEpVtQxFE4Few5uiceDWzi3jvzH8,Reduce,1671436355,riqX4rhxWxKYWt2VhvxZwMgRCaYZqFgCPb9aVeVRLHUyk6JxuJ8Ywrrwvqt5QsLqaxogDZrwFoeEr8dbsDX5jon,183119200,1141109,2,mkrc4jMLEPRoKLUnNL7Ctnwb7uJykbwiYvFjB4sw9Z9,,12.19,Bid,14.766
5iLqmcg8vifdnnw6wEpVtQxFE4Few5uiceDWzi3jvzH8,Reduce,1671436355,riqX4rhxWxKYWt2VhvxZwMgRCaYZqFgCPb9aVeVRLHUyk6JxuJ8Ywrrwvqt5QsLqaxogDZrwFoeEr8dbsDX5jon,183119200,1141109,3,mkrc4jMLEPRoKLUnNL7Ctnwb7uJykbwiYvFjB4sw9Z9,,12.21,Ask,14.742
5iLqmcg8vifdnnw6wEpVtQxFE4Few5uiceDWzi3jvzH8,Reduce,1671436355,riqX4rhxWxKYWt2VhvxZwMgRCaYZqFgCPb9aVeVRLHUyk6JxuJ8Ywrrwvqt5QsLqaxogDZrwFoeEr8dbsDX5jon,183119200,1141109,4,mkrc4jMLEPRoKLUnNL7Ctnwb7uJykbwiYvFjB4sw9Z9,,12.18,Bid,29.556
5iLqmcg8vifdnnw6wEpVtQxFE4Few5uiceDWzi3jvzH8,Reduce,1671436355,riqX4rhxWxKYWt2VhvxZwMgRCaYZqFgCPb9aVeVRLHUyk6JxuJ8Ywrrwvqt5QsLqaxogDZrwFoeEr8dbsDX5jon,183119200,1141109,5,mkrc4jMLEPRoKLUnNL7Ctnwb7uJykbwiYvFjB4sw9Z9,,12.22,Ask,29.459
5iLqmcg8vifdnnw6wEpVtQxFE4Few5uiceDWzi3jvzH8,Reduce,1671436355,riqX4rhxWxKYWt2VhvxZwMgRCaYZqFgCPb9aVeVRLHUyk6JxuJ8Ywrrwvqt5QsLqaxogDZrwFoeEr8dbsDX5jon,183119200,1141109,6,mkrc4jMLEPRoKLUnNL7Ctnwb7uJykbwiYvFjB4sw9Z9,,12.17,Bid,65.735
5iLqmcg8vifdnnw6wEpVtQxFE4Few5uiceDWzi3jvzH8,Reduce,1671436355,riqX4rhxWxKYWt2VhvxZwMgRCaYZqFgCPb9aVeVRLHUyk6JxuJ8Ywrrwvqt5QsLqaxogDZrwFoeEr8dbsDX5jon,183119200,1141109,7,mkrc4jMLEPRoKLUnNL7Ctnwb7uJykbwiYvFjB4sw9Z9,,12.23,Ask,65.412
5iLqmcg8vifdnnw6wEpVtQxFE4Few5uiceDWzi3jvzH8,Reduce,1671436355,riqX4rhxWxKYWt2VhvxZwMgRCaYZqFgCPb9aVeVRLHUyk6JxuJ8Ywrrwvqt5QsLqaxogDZrwFoeEr8dbsDX5jon,183119200,1141109,8,mkrc4jMLEPRoKLUnNL7Ctnwb7uJykbwiYvFjB4sw9Z9,,12.155,Bid,108.597
5iLqmcg8vifdnnw6wEpVtQxFE4Few5uiceDWzi3jvzH8,Reduce,1671436355,riqX4rhxWxKYWt2VhvxZwMgRCaYZqFgCPb9aVeVRLHUyk6JxuJ8Ywrrwvqt5QsLqaxogDZrwFoeEr8dbsDX5jon,183119200,1141109,9,mkrc4jMLEPRoKLUnNL7Ctnwb7uJykbwiYvFjB4sw9Z9,,12.245,Ask,107.799
5iLqmcg8vifdnnw6wEpVtQxFE4Few5uiceDWzi3jvzH8,Reduce,1671436355,riqX4rhxWxKYWt2VhvxZwMgRCaYZqFgCPb9aVeVRLHUyk6JxuJ8Ywrrwvqt5QsLqaxogDZrwFoeEr8dbsDX5jon,183119200,1141109,10,mkrc4jMLEPRoKLUnNL7Ctnwb7uJykbwiYvFjB4sw9Z9,,12.135,Bid,164.812
5iLqmcg8vifdnnw6wEpVtQxFE4Few5uiceDWzi3jvzH8,Reduce,1671436355,riqX4rhxWxKYWt2VhvxZwMgRCaYZqFgCPb9aVeVRLHUyk6JxuJ8Ywrrwvqt5QsLqaxogDZrwFoeEr8dbsDX5jon,183119200,1141109,11,mkrc4jMLEPRoKLUnNL7Ctnwb7uJykbwiYvFjB4sw9Z9,,12.265,Ask,163.065
5iLqmcg8vifdnnw6wEpVtQxFE4Few5uiceDWzi3jvzH8,Reduce,1671436355,riqX4rhxWxKYWt2VhvxZwMgRCaYZqFgCPb9aVeVRLHUyk6JxuJ8Ywrrwvqt5QsLqaxogDZrwFoeEr8dbsDX5jon,183119200,1141109,12,mkrc4jMLEPRoKLUnNL7Ctnwb7uJykbwiYvFjB4sw9Z9,,11.95,Bid,418.41
5iLqmcg8vifdnnw6wEpVtQxFE4Few5uiceDWzi3jvzH8,Reduce,1671436355,riqX4rhxWxKYWt2VhvxZwMgRCaYZqFgCPb9aVeVRLHUyk6JxuJ8Ywrrwvqt5QsLqaxogDZrwFoeEr8dbsDX5jon,183119200,1141109,13,mkrc4jMLEPRoKLUnNL7Ctnwb7uJykbwiYvFjB4sw9Z9,,12.45,Ask,401.606
5iLqmcg8vifdnnw6wEpVtQxFE4Few5uiceDWzi3jvzH8,Place,1671436355,riqX4rhxWxKYWt2VhvxZwMgRCaYZqFgCPb9aVeVRLHUyk6JxuJ8Ywrrwvqt5QsLqaxogDZrwFoeEr8dbsDX5jon,183119200,1141110,0,mkrc4jMLEPRoKLUnNL7Ctnwb7uJykbwiYvFjB4sw9Z9,,12.205,Ask,5.735
5iLqmcg8vifdnnw6wEpVtQxFE4Few5uiceDWzi3jvzH8,Place,1671436355,riqX4rhxWxKYWt2VhvxZwMgRCaYZqFgCPb9aVeVRLHUyk6JxuJ8Ywrrwvqt5QsLqaxogDZrwFoeEr8dbsDX5jon,183119200,1141111,0,mkrc4jMLEPRoKLUnNL7Ctnwb7uJykbwiYvFjB4sw9Z9,,12.195,Bid,5.74
5iLqmcg8vifdnnw6wEpVtQxFE4Few5uiceDWzi3jvzH8,Place,1671436355,riqX4rhxWxKYWt2VhvxZwMgRCaYZqFgCPb9aVeVRLHUyk6JxuJ8Ywrrwvqt5QsLqaxogDZrwFoeEr8dbsDX5jon,183119200,1141112,0,mkrc4jMLEPRoKLUnNL7Ctnwb7uJykbwiYvFjB4sw9Z9,,12.21,Ask,14.742
5iLqmcg8vifdnnw6wEpVtQxFE4Few5uiceDWzi3jvzH8,Place,1671436355,riqX4rhxWxKYWt2VhvxZwMgRCaYZqFgCPb9aVeVRLHUyk6JxuJ8Ywrrwvqt5QsLqaxogDZrwFoeEr8dbsDX5jon,183119200,1141113,0,mkrc4jMLEPRoKLUnNL7Ctnwb7uJykbwiYvFjB4sw9Z9,,12.19,Bid,14.766
5iLqmcg8vifdnnw6wEpVtQxFE4Few5uiceDWzi3jvzH8,Place,1671436355,riqX4rhxWxKYWt2VhvxZwMgRCaYZqFgCPb9aVeVRLHUyk6JxuJ8Ywrrwvqt5QsLqaxogDZrwFoeEr8dbsDX5jon,183119200,1141114,0,mkrc4jMLEPRoKLUnNL7Ctnwb7uJykbwiYvFjB4sw9Z9,,12.22,Ask,29.459
5iLqmcg8vifdnnw6wEpVtQxFE4Few5uiceDWzi3jvzH8,Place,1671436355,riqX4rhxWxKYWt2VhvxZwMgRCaYZqFgCPb9aVeVRLHUyk6JxuJ8Ywrrwvqt5QsLqaxogDZrwFoeEr8dbsDX5jon,183119200,1141115,0,mkrc4jMLEPRoKLUnNL7Ctnwb7uJykbwiYvFjB4sw9Z9,,12.18,Bid,29.556
5iLqmcg8vifdnnw6wEpVtQxFE4Few5uiceDWzi3jvzH8,Place,1671436355,riqX4rhxWxKYWt2VhvxZwMgRCaYZqFgCPb9aVeVRLHUyk6JxuJ8Ywrrwvqt5QsLqaxogDZrwFoeEr8dbsDX5jon,183119200,1141116,0,mkrc4jMLEPRoKLUnNL7Ctnwb7uJykbwiYvFjB4sw9Z9,,12.23,Ask,65.412
5iLqmcg8vifdnnw6wEpVtQxFE4Few5uiceDWzi3jvzH8,Place,1671436355,riqX4rhxWxKYWt2VhvxZwMgRCaYZqFgCPb9aVeVRLHUyk6JxuJ8Ywrrwvqt5QsLqaxogDZrwFoeEr8dbsDX5jon,183119200,1141117,0,mkrc4jMLEPRoKLUnNL7Ctnwb7uJykbwiYvFjB4sw9Z9,,12.17,Bid,65.735
5iLqmcg8vifdnnw6wEpVtQxFE4Few5uiceDWzi3jvzH8,Place,1671436355,riqX4rhxWxKYWt2VhvxZwMgRCaYZqFgCPb9aVeVRLHUyk6JxuJ8Ywrrwvqt5QsLqaxogDZrwFoeEr8dbsDX5jon,183119200,1141118,0,mkrc4jMLEPRoKLUnNL7Ctnwb7uJykbwiYvFjB4sw9Z9,,12.245,Ask,107.799
5iLqmcg8vifdnnw6wEpVtQxFE4Few5uiceDWzi3jvzH8,Place,1671436355,riqX4rhxWxKYWt2VhvxZwMgRCaYZqFgCPb9aVeVRLHUyk6JxuJ8Ywrrwvqt5QsLqaxogDZrwFoeEr8dbsDX5jon,183119200,1141119,0,mkrc4jMLEPRoKLUnNL7Ctnwb7uJykbwiYvFjB4sw9Z9,,12.155,Bid,108.597
5iLqmcg8vifdnnw6wEpVtQxFE4Few5uiceDWzi3jvzH8,Place,1671436355,riqX4rhxWxKYWt2VhvxZwMgRCaYZqFgCPb9aVeVRLHUyk6JxuJ8Ywrrwvqt5QsLqaxogDZrwFoeEr8dbsDX5jon,183119200,1141120,0,mkrc4jMLEPRoKLUnNL7Ctnwb7uJykbwiYvFjB4sw9Z9,,12.265,Ask,163.065
5iLqmcg8vifdnnw6wEpVtQxFE4Few5uiceDWzi3jvzH8,Place,1671436346,6687t1BxNF74LC7RdQfZNXFhWBWGsSRxbrW13NdkwTRN2CJM3FnTNwhkdyaSbkML1feJDtTJYFETuenXg8sjcPdo,183119177,1141103,0,mkrc4jMLEPRoKLUnNL7Ctnwb7uJykbwiYvFjB4sw9Z9,,12.135,Bid,164.812
5iLqmcg8vifdnnw6wEpVtQxFE4Few5uiceDWzi3jvzH8,Place,1671436346,6687t1BxNF74LC7RdQfZNXFhWBWGsSRxbrW13NdkwTRN2CJM3FnTNwhkdyaSbkML1feJDtTJYFETuenXg8sjcPdo,183119177,1141104,0,mkrc4jMLEPRoKLUnNL7Ctnwb7uJykbwiYvFjB4sw9Z9,,12.45,Ask,401.606
5iLqmcg8vifdnnw6wEpVtQxFE4Few5uiceDWzi3jvzH8,Place,1671436346,6687t1BxNF74LC7RdQfZNXFhWBWGsSRxbrW13NdkwTRN2CJM3FnTNwhkdyaSbkML1feJDtTJYFETuenXg8sjcPdo,183119177,1141105,0,mkrc4jMLEPRoKLUnNL7Ctnwb7uJykbwiYvFjB4sw9Z9,,11.95,Bid,418.41
5iLqmcg8vifdnnw6wEpVtQxFE4Few5uiceDWzi3jvzH8,Reduce,1671436345,5CRKMSNGwJ2HUHZMmBzSDx8sxYUvGBG8a7BPdsgsszt66q8k8GDwc35cdhfoh8F6HkYB9pxz5xNBqLSec8JpSHA5,183119174,1141091,0,mkrc4jMLEPRoKLUnNL7Ctnwb7uJykbwiYvFjB4sw9Z9,,12.195,Bid,4.74
5iLqmcg8vifdnnw6wEpVtQxFE4Few5uiceDWzi3jvzH8,Reduce,1671436345,5CRKMSNGwJ2HUHZMmBzSDx8sxYUvGBG8a7BPdsgsszt66q8k8GDwc35cdhfoh8F6HkYB9pxz5xNBqLSec8JpSHA5,183119174,1141091,1,mkrc4jMLEPRoKLUnNL7Ctnwb7uJykbwiYvFjB4sw9Z9,,12.205,Ask,5.735
5iLqmcg8vifdnnw6wEpVtQxFE4Few5uiceDWzi3jvzH8,Reduce,1671436345,5CRKMSNGwJ2HUHZMmBzSDx8sxYUvGBG8a7BPdsgsszt66q8k8GDwc35cdhfoh8F6HkYB9pxz5xNBqLSec8JpSHA5,183119174,1141091,2,mkrc4jMLEPRoKLUnNL7Ctnwb7uJykbwiYvFjB4sw9Z9,,12.19,Bid,14.766
5iLqmcg8vifdnnw6wEpVtQxFE4Few5uiceDWzi3jvzH8,Reduce,1671436345,5CRKMSNGwJ2HUHZMmBzSDx8sxYUvGBG8a7BPdsgsszt66q8k8GDwc35cdhfoh8F6HkYB9pxz5xNBqLSec8JpSHA5,183119174,1141091,3,mkrc4jMLEPRoKLUnNL7Ctnwb7uJykbwiYvFjB4sw9Z9,,12.21,Ask,14.742
5iLqmcg8vifdnnw6wEpVtQxFE4Few5uiceDWzi3jvzH8,Reduce,1671436345,5CRKMSNGwJ2HUHZMmBzSDx8sxYUvGBG8a7BPdsgsszt66q8k8GDwc35cdhfoh8F6HkYB9pxz5xNBqLSec8JpSHA5,183119174,1141091,4,mkrc4jMLEPRoKLUnNL7Ctnwb7uJykbwiYvFjB4sw9Z9,,12.18,Bid,29.556
5iLqmcg8vifdnnw6wEpVtQxFE4Few5uiceDWzi3jvzH8,Reduce,1671436345,5CRKMSNGwJ2HUHZMmBzSDx8sxYUvGBG8a7BPdsgsszt66q8k8GDwc35cdhfoh8F6HkYB9pxz5xNBqLSec8JpSHA5,183119174,1141091,5,mkrc4jMLEPRoKLUnNL7Ctnwb7uJykbwiYvFjB4sw9Z9,,12.22,Ask,29.459
5iLqmcg8vifdnnw6wEpVtQxFE4Few5uiceDWzi3jvzH8,Reduce,1671436345,5CRKMSNGwJ2HUHZMmBzSDx8sxYUvGBG8a7BPdsgsszt66q8k8GDwc35cdhfoh8F6HkYB9pxz5xNBqLSec8JpSHA5,183119174,1141091,6,mkrc4jMLEPRoKLUnNL7Ctnwb7uJykbwiYvFjB4sw9Z9,,12.17,Bid,65.735
5iLqmcg8vifdnnw6wEpVtQxFE4Few5uiceDWzi3jvzH8,Reduce,1671436345,5CRKMSNGwJ2HUHZMmBzSDx8sxYUvGBG8a7BPdsgsszt66q8k8GDwc35cdhfoh8F6HkYB9pxz5xNBqLSec8JpSHA5,183119174,1141091,7,mkrc4jMLEPRoKLUnNL7Ctnwb7uJykbwiYvFjB4sw9Z9,,12.23,Ask,65.412
5iLqmcg8vifdnnw6wEpVtQxFE4Few5uiceDWzi3jvzH8,Reduce,1671436345,5CRKMSNGwJ2HUHZMmBzSDx8sxYUvGBG8a7BPdsgsszt66q8k8GDwc35cdhfoh8F6HkYB9pxz5xNBqLSec8JpSHA5,183119174,1141091,8,mkrc4jMLEPRoKLUnNL7Ctnwb7uJykbwiYvFjB4sw9Z9,,12.155,Bid,108.597
5iLqmcg8vifdnnw6wEpVtQxFE4Few5uiceDWzi3jvzH8,Reduce,1671436345,5CRKMSNGwJ2HUHZMmBzSDx8sxYUvGBG8a7BPdsgsszt66q8k8GDwc35cdhfoh8F6HkYB9pxz5xNBqLSec8JpSHA5,183119174,1141091,9,mkrc4jMLEPRoKLUnNL7Ctnwb7uJykbwiYvFjB4sw9Z9,,12.245,Ask,107.799
5iLqmcg8vifdnnw6wEpVtQxFE4Few5uiceDWzi3jvzH8,Reduce,1671436345,5CRKMSNGwJ2HUHZMmBzSDx8sxYUvGBG8a7BPdsgsszt66q8k8GDwc35cdhfoh8F6HkYB9pxz5xNBqLSec8JpSHA5,183119174,1141091,10,mkrc4jMLEPRoKLUnNL7Ctnwb7uJykbwiYvFjB4sw9Z9,,12.135,Bid,164.812
5iLqmcg8vifdnnw6wEpVtQxFE4Few5uiceDWzi3jvzH8,Reduce,1671436345,5CRKMSNGwJ2HUHZMmBzSDx8sxYUvGBG8a7BPdsgsszt66q8k8GDwc35cdhfoh8F6HkYB9pxz5xNBqLSec8JpSHA5,183119174,1141091,11,mkrc4jMLEPRoKLUnNL7Ctnwb7uJykbwiYvFjB4sw9Z9,,12.265,Ask,163.065
5iLqmcg8vifdnnw6wEpVtQxFE4Few5uiceDWzi3jvzH8,Reduce,1671436345,5CRKMSNGwJ2HUHZMmBzSDx8sxYUvGBG8a7BPdsgsszt66q8k8GDwc35cdhfoh8F6HkYB9pxz5xNBqLSec8JpSHA5,183119174,1141091,12,mkrc4jMLEPRoKLUnNL7Ctnwb7uJykbwiYvFjB4sw9Z9,,11.95,Bid,418.41
5iLqmcg8vifdnnw6wEpVtQxFE4Few5uiceDWzi3jvzH8,Reduce,1671436345,5CRKMSNGwJ2HUHZMmBzSDx8sxYUvGBG8a7BPdsgsszt66q8k8GDwc35cdhfoh8F6HkYB9pxz5xNBqLSec8JpSHA5,183119174,1141091,13,mkrc4jMLEPRoKLUnNL7Ctnwb7uJykbwiYvFjB4sw9Z9,,12.45,Ask,401.606
5iLqmcg8vifdnnw6wEpVtQxFE4Few5uiceDWzi3jvzH8,Place,1671436345,5CRKMSNGwJ2HUHZMmBzSDx8sxYUvGBG8a7BPdsgsszt66q8k8GDwc35cdhfoh8F6HkYB9pxz5xNBqLSec8JpSHA5,183119174,1141092,0,mkrc4jMLEPRoKLUnNL7Ctnwb7uJykbwiYvFjB4sw9Z9,,12.205,Ask,5.735
5iLqmcg8vifdnnw6wEpVtQxFE4Few5uiceDWzi3jvzH8,Place,1671436345,5CRKMSNGwJ2HUHZMmBzSDx8sxYUvGBG8a7BPdsgsszt66q8k8GDwc35cdhfoh8F6HkYB9pxz5xNBqLSec8JpSHA5,183119174,1141093,0,mkrc4jMLEPRoKLUnNL7Ctnwb7uJykbwiYvFjB4sw9Z9,,12.195,Bid,5.74
5iLqmcg8vifdnnw6wEpVtQxFE4Few5uiceDWzi3jvzH8,Place,1671436345,5CRKMSNGwJ2HUHZMmBzSDx8sxYUvGBG8a7BPdsgsszt66q8k8GDwc35cdhfoh8F6HkYB9pxz5xNBqLSec8JpSHA5,183119174,1141094,0,mkrc4jMLEPRoKLUnNL7Ctnwb7uJykbwiYvFjB4sw9Z9,,12.21,Ask,14.742
5iLqmcg8vifdnnw6wEpVtQxFE4Few5uiceDWzi3jvzH8,Place,1671436345,5CRKMSNGwJ2HUHZMmBzSDx8sxYUvGBG8a7BPdsgsszt66q8k8GDwc35cdhfoh8F6HkYB9pxz5xNBqLSec8JpSHA5,183119174,1141095,0,mkrc4jMLEPRoKLUnNL7Ctnwb7uJykbwiYvFjB4sw9Z9,,12.19,Bid,14.766
5iLqmcg8vifdnnw6wEpVtQxFE4Few5uiceDWzi3jvzH8,Place,1671436345,5CRKMSNGwJ2HUHZMmBzSDx8sxYUvGBG8a7BPdsgsszt66q8k8GDwc35cdhfoh8F6HkYB9pxz5xNBqLSec8JpSHA5,183119174,1141096,0,mkrc4jMLEPRoKLUnNL7Ctnwb7uJykbwiYvFjB4sw9Z9,,12.22,Ask,29.459
5iLqmcg8vifdnnw6wEpVtQxFE4Few5uiceDWzi3jvzH8,Place,1671436345,5CRKMSNGwJ2HUHZMmBzSDx8sxYUvGBG8a7BPdsgsszt66q8k8GDwc35cdhfoh8F6HkYB9pxz5xNBqLSec8JpSHA5,183119174,1141097,0,mkrc4jMLEPRoKLUnNL7Ctnwb7uJykbwiYvFjB4sw9Z9,,12.18,Bid,29.556
5iLqmcg8vifdnnw6wEpVtQxFE4Few5uiceDWzi3jvzH8,Place,1671436345,5CRKMSNGwJ2HUHZMmBzSDx8sxYUvGBG8a7BPdsgsszt66q8k8GDwc35cdhfoh8F6HkYB9pxz5xNBqLSec8JpSHA5,183119174,1141098,0,mkrc4jMLEPRoKLUnNL7Ctnwb7uJykbwiYvFjB4sw9Z9,,12.23,Ask,65.412
5iLqmcg8vifdnnw6wEpVtQxFE4Few5uiceDWzi3jvzH8,Place,1671436345,5CRKMSNGwJ2HUHZMmBzSDx8sxYUvGBG8a7BPdsgsszt66q8k8GDwc35cdhfoh8F6HkYB9pxz5xNBqLSec8JpSHA5,183119174,1141099,0,mkrc4jMLEPRoKLUnNL7Ctnwb7uJykbwiYvFjB4sw9Z9,,12.17,Bid,65.735
5iLqmcg8vifdnnw6wEpVtQxFE4Few5uiceDWzi3jvzH8,Place,1671436345,5CRKMSNGwJ2HUHZMmBzSDx8sxYUvGBG8a7BPdsgsszt66q8k8GDwc35cdhfoh8F6HkYB9pxz5xNBqLSec8JpSHA5,183119174,1141100,0,mkrc4jMLEPRoKLUnNL7Ctnwb7uJykbwiYvFjB4sw9Z9,,12.245,Ask,107.799
5iLqmcg8vifdnnw6wEpVtQxFE4Few5uiceDWzi3jvzH8,Place,1671436345,5CRKMSNGwJ2HUHZMmBzSDx8sxYUvGBG8a7BPdsgsszt66q8k8GDwc35cdhfoh8F6HkYB9pxz5xNBqLSec8JpSHA5,183119174,1141101,0,mkrc4jMLEPRoKLUnNL7Ctnwb7uJykbwiYvFjB4sw9Z9,,12.155,Bid,108.597
5iLqmcg8vifdnnw6wEpVtQxFE4Few5uiceDWzi3jvzH8,Place,1671436345,5CRKMSNGwJ2HUHZMmBzSDx8sxYUvGBG8a7BPdsgsszt66q8k8GDwc35cdhfoh8F6HkYB9pxz5xNBqLSec8JpSHA5,183119174,1141102,0,mkrc4jMLEPRoKLUnNL7Ctnwb7uJykbwiYvFjB4sw9Z9,,12.265,Ask,163.065
5iLqmcg8vifdnnw6wEpVtQxFE4Few5uiceDWzi3jvzH8,Place,1671436337,4vKj5UGUtFLJ8wMtQgwhkHh4TQRjqwVq8yyP1yQfWTypX9ajewV3M17wRAL3TFtaPwU151gbayXwtydFwuqNqkEz,183119150,1141086,0,mkrc4jMLEPRoKLUnNL7Ctnwb7uJykbwiYvFjB4sw9Z9,,12.135,Bid,164.812
5iLqmcg8vifdnnw6wEpVtQxFE4Few5uiceDWzi3jvzH8,Place,1671436337,4vKj5UGUtFLJ8wMtQgwhkHh4TQRjqwVq8yyP1yQfWTypX9ajewV3M17wRAL3TFtaPwU151gbayXwtydFwuqNqkEz,183119150,1141087,0,mkrc4jMLEPRoKLUnNL7Ctnwb7uJykbwiYvFjB4sw9Z9,,12.45,Ask,401.606
5iLqmcg8vifdnnw6wEpVtQxFE4Few5uiceDWzi3jvzH8,Place,1671436337,4vKj5UGUtFLJ8wMtQgwhkHh4TQRjqwVq8yyP1yQfWTypX9ajewV3M17wRAL3TFtaPwU151gbayXwtydFwuqNqkEz,183119150,1141088,0,mkrc4jMLEPRoKLUnNL7Ctnwb7uJykbwiYvFjB4sw9Z9,,11.95,Bid,418.41
5iLqmcg8vifdnnw6wEpVtQxFE4Few5uiceDWzi3jvzH8,Reduce,1671436335,5eXxGFFYZstGSyDSGVBRRkhHVVLffr7PgNwPWfqnHwz3BXAp923LQxymaRYZneDeMDTPM7qeedZZqeVSQE2iM1ge,183119147,1141074,0,mkrc4jMLEPRoKLUnNL7Ctnwb7uJykbwiYvFjB4sw9Z9,,12.19,Bid,5.742
5iLqmcg8vifdnnw6wEpVtQxFE4Few5uiceDWzi3jvzH8,Reduce,1671436335,5eXxGFFYZstGSyDSGVBRRkhHVVLffr7PgNwPWfqnHwz3BXAp923LQxymaRYZneDeMDTPM7qeedZZqeVSQE2iM1ge,183119147,1141074,1,mkrc4jMLEPRoKLUnNL7Ctnwb7uJykbwiYvFjB4sw9Z9,,12.2,Ask,4.737
5iLqmcg8vifdnnw6wEpVtQxFE4Few5uiceDWzi3jvzH8,Reduce,1671436335,5eXxGFFYZstGSyDSGVBRRkhHVVLffr7PgNwPWfqnHwz3BXAp923LQxymaRYZneDeMDTPM7qeedZZqeVSQE2iM1ge,183119147,1141074,2,mkrc4jMLEPRoKLUnNL7Ctnwb7uJykbwiYvFjB4sw9Z9,,12.185,Bid,14.772
5iLqmcg8vifdnnw6wEpVtQxFE4Few5uiceDWzi3jvzH8,Reduce,1671436335,5eXxGFFYZstGSyDSGVBRRkhHVVLffr7PgNwPWfqnHwz3BXAp923LQxymaRYZneDeMDTPM7qeedZZqeVSQE2iM1ge,183119147,1141074,3,mkrc4jMLEPRoKLUnNL7Ctnwb7uJykbwiYvFjB4sw9Z9,,12.205,Ask,14.748
5iLqmcg8vifdnnw6wEpVtQxFE4Few5uiceDWzi3jvzH8,Reduce,1671436335,5eXxGFFYZstGSyDSGVBRRkhHVVLffr7PgNwPWfqnHwz3BXAp923LQxymaRYZneDeMDTPM7qeedZZqeVSQE2iM1ge,183119147,1141074,4,mkrc4jMLEPRoKLUnNL7Ctnwb7uJykbwiYvFjB4sw9Z9,,12.175,Bid,29.568
5iLqmcg8vifdnnw6wEpVtQxFE4Few5uiceDWzi3jvzH8,Reduce,1671436335,5eXxGFFYZstGSyDSGVBRRkhHVVLffr7PgNwPWfqnHwz3BXAp923LQxymaRYZneDeMDTPM7qeedZZqeVSQE2iM1ge,183119147,1141074,5,mkrc4jMLEPRoKLUnNL7Ctnwb7uJykbwiYvFjB4sw9Z9,,12.215,Ask,29.471
5iLqmcg8vifdnnw6wEpVtQxFE4Few5uiceDWzi3jvzH8,Reduce,1671436335,5eXxGFFYZstGSyDSGVBRRkhHVVLffr7PgNwPWfqnHwz3BXAp923LQxymaRYZneDeMDTPM7qeedZZqeVSQE2iM1ge,183119147,1141074,6,mkrc4jMLEPRoKLUnNL7Ctnwb7uJykbwiYvFjB4sw9Z9,,12.165,Bid,65.762
5iLqmcg8vifdnnw6wEpVtQxFE4Few5uiceDWzi3jvzH8,Reduce,1671436335,5eXxGFFYZstGSyDSGVBRRkhHVVLffr7PgNwPWfqnHwz3BXAp923LQxymaRYZneDeMDTPM7qeedZZqeVSQE2iM1ge,183119147,1141074,7,mkrc4jMLEPRoKLUnNL7Ctnwb7uJykbwiYvFjB4sw9Z9,,12.225,Ask,65.439
5iLqmcg8vifdnnw6wEpVtQxFE4Few5uiceDWzi3jvzH8,Reduce,1671436335,5eXxGFFYZstGSyDSGVBRRkhHVVLffr7PgNwPWfqnHwz3BXAp923LQxymaRYZneDeMDTPM7qeedZZqeVSQE2iM1ge,183119147,1141074,8,mkrc4jMLEPRoKLUnNL7Ctnwb7uJykbwiYvFjB4sw9Z9,,12.15,Bid,108.641
5iLqmcg8vifdnnw6wEpVtQxFE4Few5uiceDWzi3jvzH8,Reduce,1671436335,5eXxGFFYZstGSyDSGVBRRkhHVVLffr7PgNwPWfqnHwz3BXAp923LQxymaRYZneDeMDTPM7qeedZZqeVSQE2iM1ge,183119147,1141074,9,mkrc4jMLEPRoKLUnNL7Ctnwb7uJykbwiYvFjB4sw9Z9,,12.24,Ask,107.843
5iLqmcg8vifdnnw6wEpVtQxFE4Few5uiceDWzi3jvzH8,Reduce,1671436335,5eXxGFFYZstGSyDSGVBRRkhHVVLffr7PgNwPWfqnHwz3BXAp923LQxymaRYZneDeMDTPM7qeedZZqeVSQE2iM1ge,183119147,1141074,10,mkrc4jMLEPRoKLUnNL7Ctnwb7uJykbwiYvFjB4sw9Z9,,12.13,Bid,164.88
5iLqmcg8vifdnnw6wEpVtQxFE4Few5uiceDWzi3jvzH8,Reduce,1671436335,5eXxGFFYZstGSyDSGVBRRkhHVVLffr7PgNwPWfqnHwz3BXAp923LQxymaRYZneDeMDTPM7qeedZZqeVSQE2iM1ge,183119147,1141074,11,mkrc4jMLEPRoKLUnNL7Ctnwb7uJykbwiYvFjB4sw9Z9,,12.26,Ask,163.132
5iLqmcg8vifdnnw6wEpVtQxFE4Few5uiceDWzi3jvzH8,Reduce,1671436335,5eXxGFFYZstGSyDSGVBRRkhHVVLffr7PgNwPWfqnHwz3BXAp923LQxymaRYZneDeMDTPM7qeedZZqeVSQE2iM1ge,183119147,1141074,12,mkrc4jMLEPRoKLUnNL7Ctnwb7uJykbwiYvFjB4sw9Z9,,11.945,Bid,418.585
5iLqmcg8vifdnnw6wEpVtQxFE4Few5uiceDWzi3jvzH8,Reduce,1671436335,5eXxGFFYZstGSyDSGVBRRkhHVVLffr7PgNwPWfqnHwz3BXAp923LQxymaRYZneDeMDTPM7qeedZZqeVSQE2iM1ge,183119147,1141074,13,mkrc4jMLEPRoKLUnNL7Ctnwb7uJykbwiYvFjB4sw9Z9,,12.445,Ask,401.767
5iLqmcg8vifdnnw6wEpVtQxFE4Few5uiceDWzi3jvzH8,Place,1671436335,5eXxGFFYZstGSyDSGVBRRkhHVVLffr7PgNwPWfqnHwz3BXAp923LQxymaRYZneDeMDTPM7qeedZZqeVSQE2iM1ge,183119147,1141075,0,mkrc4jMLEPRoKLUnNL7Ctnwb7uJykbwiYvFjB4sw9Z9,,12.205,Ask,5.735
5iLqmcg8vifdnnw6wEpVtQxFE4Few5uiceDWzi3jvzH8,Place,1671436335,5eXxGFFYZstGSyDSGVBRRkhHVVLffr7PgNwPWfqnHwz3BXAp923LQxymaRYZneDeMDTPM7qeedZZqeVSQE2iM1ge,183119147,1141076,0,mkrc4jMLEPRoKLUnNL7Ctnwb7uJykbwiYvFjB4sw9Z9,,12.195,Bid,5.74
5iLqmcg8vifdnnw6wEpVtQxFE4Few5uiceDWzi3jvzH8,Place,1671436335,5eXxGFFYZstGSyDSGVBRRkhHVVLffr7PgNwPWfqnHwz3BXAp923LQxymaRYZneDeMDTPM7qeedZZqeVSQE2iM1ge,183119147,1141077,0,mkrc4jMLEPRoKLUnNL7Ctnwb7uJykbwiYvFjB4sw9Z9,,12.21,Ask,14.742
5iLqmcg8vifdnnw6wEpVtQxFE4Few5uiceDWzi3jvzH8,Place,1671436335,5eXxGFFYZstGSyDSGVBRRkhHVVLffr7PgNwPWfqnHwz3BXAp923LQxymaRYZneDeMDTPM7qeedZZqeVSQE2iM1ge,183119147,1141078,0,mkrc4jMLEPRoKLUnNL7Ctnwb7uJykbwiYvFjB4sw9Z9,,12.19,Bid,14.766
5iLqmcg8vifdnnw6wEpVtQxFE4Few5uiceDWzi3jvzH8,Place,1671436335,5eXxGFFYZstGSyDSGVBRRkhHVVLffr7PgNwPWfqnHwz3BXAp923LQxymaRYZneDeMDTPM7qeedZZqeVSQE2iM1ge,183119147,1141079,0,mkrc4jMLEPRoKLUnNL7Ctnwb7uJykbwiYvFjB4sw9Z9,,12.22,Ask,29.459
5iLqmcg8vifdnnw6wEpVtQxFE4Few5uiceDWzi3jvzH8,Place,1671436335,5eXxGFFYZstGSyDSGVBRRkhHVVLffr7PgNwPWfqnHwz3BXAp923LQxymaRYZneDeMDTPM7qeedZZqeVSQE2iM1ge,183119147,1141080,0,mkrc4jMLEPRoKLUnNL7Ctnwb7uJykbwiYvFjB4sw9Z9,,12.18,Bid,29.556
5iLqmcg8vifdnnw6wEpVtQxFE4Few5uiceDWzi3jvzH8,Place,1671436335,5eXxGFFYZstGSyDSGVBRRkhHVVLffr7PgNwPWfqnHwz3BXAp923LQxymaRYZneDeMDTPM7qeedZZqeVSQE2iM1ge,183119147,1141081,0,mkrc4jMLEPRoKLUnNL7Ctnwb7uJykbwiYvFjB4sw9Z9,,12.23,Ask,65.412
5iLqmcg8vifdnnw6wEpVtQxFE4Few5uiceDWzi3jvzH8,Place,1671436335,5eXxGFFYZstGSyDSGVBRRkhHVVLffr7PgNwPWfqnHwz3BXAp923LQxymaRYZneDeMDTPM7qeedZZqeVSQE2iM1ge,183119147,1141082,0,mkrc4jMLEPRoKLUnNL7Ctnwb7uJykbwiYvFjB4sw9Z9,,12.17,Bid,65.735
5iLqmcg8vifdnnw6wEpVtQxFE4Few5uiceDWzi3jvzH8,Place,1671436335,5eXxGFFYZstGSyDSGVBRRkhHVVLffr7PgNwPWfqnHwz3BXAp923LQxymaRYZneDeMDTPM7qeedZZqeVSQE2iM1ge,183119147,1141083,0,mkrc4jMLEPRoKLUnNL7Ctnwb7uJykbwiYvFjB4sw9Z9,,12.245,Ask,107.799
5iLqmcg8vifdnnw6wEpVtQxFE4Few5uiceDWzi3jvzH8,Place,1671436335,5eXxGFFYZstGSyDSGVBRRkhHVVLffr7PgNwPWfqnHwz3BXAp923LQxymaRYZneDeMDTPM7qeedZZqeVSQE2iM1ge,183119147,1141084,0,mkrc4jMLEPRoKLUnNL7Ctnwb7uJykbwiYvFjB4sw9Z9,,12.155,Bid,108.597
5iLqmcg8vifdnnw6wEpVtQxFE4Few5uiceDWzi3jvzH8,Place,1671436335,5eXxGFFYZstGSyDSGVBRRkhHVVLffr7PgNwPWfqnHwz3BXAp923LQxymaRYZneDeMDTPM7qeedZZqeVSQE2iM1ge,183119147,1141085,0,mkrc4jMLEPRoKLUnNL7Ctnwb7uJykbwiYvFjB4sw9Z9,,12.265,Ask,163.065
5iLqmcg8vifdnnw6wEpVtQxFE4Few5uiceDWzi3jvzH8,Place,1671436327,3nMx3dXPt6PR1UXGBv5P3ZRTieZ2NNc4uf5fB7Kw8UeSrag6iJBMCzabHhvjJjsJikEGPXk6yAHcznhm4Ah1YT8k,183119124,1141069,0,mkrc4jMLEPRoKLUnNL7Ctnwb7uJykbwiYvFjB4sw9Z9,,12.13,Bid,164.88
5iLqmcg8vifdnnw6wEpVtQxFE4Few5uiceDWzi3jvzH8,Place,1671436327,3nMx3dXPt6PR1UXGBv5P3ZRTieZ2NNc4uf5fB7Kw8UeSrag6iJBMCzabHhvjJjsJikEGPXk6yAHcznhm4Ah1YT8k,183119124,1141070,0,mkrc4jMLEPRoKLUnNL7Ctnwb7uJykbwiYvFjB4sw9Z9,,12.445,Ask,401.767
5iLqmcg8vifdnnw6wEpVtQxFE4Few5uiceDWzi3jvzH8,Place,1671436327,3nMx3dXPt6PR1UXGBv5P3ZRTieZ2NNc4uf5fB7Kw8UeSrag6iJBMCzabHhvjJjsJikEGPXk6yAHcznhm4Ah1YT8k,183119124,1141071,0,mkrc4jMLEPRoKLUnNL7Ctnwb7uJykbwiYvFjB4sw9Z9,,11.945,Bid,418.585
5iLqmcg8vifdnnw6wEpVtQxFE4Few5uiceDWzi3jvzH8,Reduce,1671436325,EbzmoNtSe6YN3pRDeGpBNa1v4FsNkbaoVdqdk3T3xCKanWCSCrmbLqzKTz1yWQsYEvNdPeswieaDV3gwUHp69VW,183119121,1141057,0,mkrc4jMLEPRoKLUnNL7Ctnwb7uJykbwiYvFjB4sw9Z9,,12.195,Bid,5.74
5iLqmcg8vifdnnw6wEpVtQxFE4Few5uiceDWzi3jvzH8,Reduce,1671436325,EbzmoNtSe6YN3pRDeGpBNa1v4FsNkbaoVdqdk3T3xCKanWCSCrmbLqzKTz1yWQsYEvNdPeswieaDV3gwUHp69VW,183119121,1141057,1,mkrc4jMLEPRoKLUnNL7Ctnwb7uJykbwiYvFjB4sw9Z9,,12.205,Ask,4.735
5iLqmcg8vifdnnw6wEpVtQxFE4Few5uiceDWzi3jvzH8,Reduce,1671436325,EbzmoNtSe6YN3pRDeGpBNa1v4FsNkbaoVdqdk3T3xCKanWCSCrmbLqzKTz1yWQsYEvNdPeswieaDV3gwUHp69VW,183119121,1141057,2,mkrc4jMLEPRoKLUnNL7Ctnwb7uJykbwiYvFjB4sw9Z9,,12.19,Bid,14.766
5iLqmcg8vifdnnw6wEpVtQxFE4Few5uiceDWzi3jvzH8,Reduce,1671436325,EbzmoNtSe6YN3pRDeGpBNa1v4FsNkbaoVdqdk3T3xCKanWCSCrmbLqzKTz1yWQsYEvNdPeswieaDV3gwUHp69VW,183119121,1141057,3,mkrc4jMLEPRoKLUnNL7Ctnwb7uJykbwiYvFjB4sw9Z9,,12.21,Ask,14.742
5iLqmcg8vifdnnw6wEpVtQxFE4Few5uiceDWzi3jvzH8,Reduce,1671436325,EbzmoNtSe6YN3pRDeGpBNa1v4FsNkbaoVdqdk3T3xCKanWCSCrmbLqzKTz1yWQsYEvNdPeswieaDV3gwUHp69VW,183119121,1141057,4,mkrc4jMLEPRoKLUnNL7Ctnwb7uJykbwiYvFjB4sw9Z9,,12.18,Bid,29.556
5iLqmcg8vifdnnw6wEpVtQxFE4Few5uiceDWzi3jvzH8,Reduce,1671436325,EbzmoNtSe6YN3pRDeGpBNa1v4FsNkbaoVdqdk3T3xCKanWCSCrmbLqzKTz1yWQsYEvNdPeswieaDV3gwUHp69VW,183119121,1141057,5,mkrc4jMLEPRoKLUnNL7Ctnwb7uJykbwiYvFjB4sw9Z9,,12.22,Ask,29.459
5iLqmcg8vifdnnw6wEpVtQxFE4Few5uiceDWzi3jvzH8,Reduce,1671436325,EbzmoNtSe6YN3pRDeGpBNa1v4FsNkbaoVdqdk3T3xCKanWCSCrmbLqzKTz1yWQsYEvNdPeswieaDV3gwUHp69VW,183119121,1141057,6,mkrc4jMLEPRoKLUnNL7Ctnwb7uJykbwiYvFjB4sw9Z9,,12.17,Bid,65.735
5iLqmcg8vifdnnw6wEpVtQxFE4Few5uiceDWzi3jvzH8,Reduce,1671436325,EbzmoNtSe6YN3pRDeGpBNa1v4FsNkbaoVdqdk3T3xCKanWCSCrmbLqzKTz1yWQsYEvNdPeswieaDV3gwUHp69VW,183119121,1141057,7,mkrc4jMLEPRoKLUnNL7Ctnwb7uJykbwiYvFjB4sw9Z9,,12.23,Ask,65.412
5iLqmcg8vifdnnw6wEpVtQxFE4Few5uiceDWzi3jvzH8,Reduce,1671436325,EbzmoNtSe6YN3pRDeGpBNa1v4FsNkbaoVdqdk3T3xCKanWCSCrmbLqzKTz1yWQsYEvNdPeswieaDV3gwUHp69VW,183119121,1141057,8,mkrc4jMLEPRoKLUnNL7Ctnwb7uJykbwiYvFjB4sw9Z9,,12.155,Bid,108.597
